3909 5792
462 538 731 649 ,aa
885 470 1089 589 '2-2-3

407 768 415 785 ¹
501 731 690 825 tationes,
734 730 1070 835 philosophemata·
1098 731 1340 836 adiungunt,
1394 754 1478 810 tum

501 862 581 910 non
594 836 710 911 modo
727 833 809 909 suos
827 834 947 910 seusus
962 840 1193 937 exprimunt,
1225 836 1287 911 sed
1299 834 1479 938 spectato·

500 962 584 1011 rum
604 940 764 1021 maxime
777 942 959 1011 rationem
976 936 1140 1026 habent,
1165 941 1206 1008 in
1226 963 1303 1039 quo
1323 943 1481 1038 negotio

502 1036 620 1113 socios
633 1050 698 1112 eos
718 1036 924 1130 habebant,
952 1062 1117 1142 quorum
1130 1056 1218 1128 erat,
1246 1039 1352 1138 quod
1365 1039 1404 1112 hi
1420 1065 1481 1114 ca·

501 1140 631 1213 nend'o
664 1143 933 1239 exprimerent,
986 1140 1090 1229 idern
1119 1135 1269 1211 referre·
1297 1134 1478 1217 saltando}

499 1240 834 1337 Quemadmodum
853 1239 896 1313 fit
919 1238 1025 1329 sere,
1066 1264 1182 1340 quum
1214 1238 1341 1338 plures
1369 1238 1481 1316 'sacto

429 1346 431 1351 ’
499 1343 613 1416 alicui
633 1339 652 1414 s
674 1342 857 1416 ectatores
869 1338 1114 1413 ¹‘interfuerint
1131 1338 1373 1415 vehementer
1391 1339 1482 1416 affe·

502 1450 576 1533 cti,
658 1448 678 1461 '¹
702 1439 822 1514 verbis
843 1445 957 1512 animi
969 1458 1117 1530 motus,
1143 1438 1344 1530 laetitiam,
1371 1448 1482 1516 timo-

420 1592 439 1639 ·¹
499 1571 600 1633 rem,
626 1541 916 1631 miserationem,
951 1538 1141 1638 stuporem
1157 1537 1383 1639 significant,
1416 1544 1479 1616 alii

499 1644 605 1718 vultu
619 1662 656 1715 et
670 1641 769 1741 gestu
782 1669 793 1729 ;
844 1637 950 1741 quod
971 1666 1090 1741 quum
1103 1638 1168 1713 fiat
1182 1646 1222 1713 in
1241 1642 1349 1715 scena
1360 1647 1479 1715 imita·

499 1751 627 1819 tione:
670 1740 832 1813 'alterum
849 1761 962 1816 cantu
973 1741 1132 1814 alterum
1144 1738 1358 1835 saltatione,
1403 1742 1478 1816 ele⁴

395 1919 399 1927 ,
499 1840 729 1946 gantioribus
766 1845 812 1915 ·et
845 1840 1094 1917 nobilioribus
1130 1843 1301 1938 imitandi
1342 1844 1479 1937 modio,

410 1944 446 2015 .“
497 1942 643 2021 referre
676 1942 818 2043 placuit
857 1947 888 2019 d
896 1952 923 2037 ).
964 2010 978 2035 Ι,
999 1945 1131 2040 Quum
1181 1968 1271 2046 ergo
1308 1943 1481 2035 Aristote·

396 2047 398 2052 ’
499 2048 554 2122 le‘s
594 2065 634 2121 et
666 2047 842 2119 Horatius
875 2044 1034 2121 chorum
1070 2049 1206 2120 actoris
1240 2065 1365 2146 partes
1399 2044 1480 2119 sub·

500 2154 556 2223 ire
587 2147 744 2237 volunt,
791 2146 833 2220 id
876 2146 925 2220 de
965 2145 1084 2238 nulla·
1110 2170 1153 2219 re
1190 2146 1478 2245 intelligendum

308 2316 332 2357 ,Ι
501 2248 576 2341 est,
620 2254 735 2351 quam
771 2246 819 2321 de
852 2246 1083 2321 sermonibus
1111 2266 1178 2324 et,
1197 2253 1351 2323 canticis
1390 2274 1478 2323 curn

441 2362 444 2371 '
488 2348 627 2424 sabula
652 2346 921 2437 consentaneis
962 2355 1018 2443 e):
1070 2367 1108 2421 et
1131 2352 1287 2423 minime
1317 2354 1485 2449 cogitem·

501 2451 592 2525 dum
611 2450 661 2525 de
680 2475 768 2524 vera
788 2456 960 2541 actione,
1145 2470 1409 2624 praeterquam
1438 2456 1480 2527 in

408 2612 413 2627 .
489 2551 701 2653 ‘Sophoclis
716 2550 1003 2628 Aiaceiuuulla
1031 2548 1148 2675 erese
1174 2549 1236 2625 ula
1252 2558 1426 2653 reperias.

813 2824 1023 2897 ΙΙΙΠ.

596 2988 821 3064 Discrimen
845 2988 957 3065 ebori
980 2997 1026 3064 in
1050 2996 1218 3097 tragicis
1244 2994 1381 3073 adhuc
1507 3014 1526 3033 ⁸

863 3143 1106 3224 extantibus.

441 3437 443 3442 Ι
594 3338 819 3435 InAeschyli
835 3342 974 3440 choris,
1010 3349 1182 3450 quaruuis
1195 3345 1478 3422 multobreuio-

498 3440 618 3532 ribus,
646 3468 759 3543 quam
772 3442 966 3546 Thespidis
980 3471 1121 3545 aetate,
1145 3454 1338 3550 antiquam
1350 3469 1477 3524 tamen

403 3610 406 3617 .
497 3543 667 3619 indolem
681 3542 805 3619 adhue
822 3552 947 3647 vigere
965 3551 1306 3654 deprehendimus,
1357 3564 1490 3665 quum*

1371 3670 1475 3726 tanta

507 3820 810 4017 wsglqssrumoy
838 3824 986 3934 Theium
1008 3847 1068 3915 des
1091 3850 1197 3919 Grecs
1225 3851 1268 3918 T.
1293 3852 1318 3919 1.
1341 3875 1375 3941 p.
1402 3872 1474 3936 ¹07·

543 4081 577 4170 e)
598 4078 765 4148 Aristotel.
782 4072 950 4151 Problem.
969 4088 1058 4155 Sext.
1075 4091 1161 4158 XIX.
1180 4075 1230 4156 ἔςι
1247 4074 1319 4183 «γεῖς
1330 4072 1475 4182 ὅχοςὲς,

509 4248 512 4259 .
550 4262 553 4269 ,
580 4163 742 4293 ttdwffit
754 4169 949 4285 dagoberte·
979 4174 1104 4259 ἔννοιαν
1119 4175 1192 4289 γοὶς
1209 4176 1300 4277 μόνον
1317 4179 1477 4280 παρέχε-

460 4374 462 4381 ·
581 4276 857 4384 τησιςποιζὲςι.
