3909 5792
670 823 718 901 tt
1063 823 1263 865 ἕπε’-’5

669 1017 801 1108 solum,
825 1040 939 1117 quam
955 1013 1171 1090 inmensam
1191 1014 1470 1095 multitudinem
1486 1004 1662 1099 fmtdete

667 1118 949 1198 inconditorum
968 1138 1005 1191 et
1019 1143 1072 1191 nu
1100 1122 1127 1191 's
1152 1115 1410 1197 refectorum?
1445 1122 1510 1195 De
1531 1122 1664 1218 Virgi-

665 1224 719 1297 lio
752 1222 906 1312 scimus‚
953 1144 1187 1319 pauciffimos
1220 1245 1307 1294 eum
1336 1219 1457 1295 versus
1487 1247 1663 1323 compo·

665 1324 769 1401 suisse
791 1322 1060 1420 (Quinctilium
1086 1324 1135 1411 X,
1159 1322 1194 1394 3.
1215 1324 1274 1407 8.)
1301 1341 1356 1411 et,
1404 1326 1494 1425 quia
1519 1322 1661 1401 solnm

666 1447 869 1503 emtmane
894 1422 1075 1525 plurimos
1101 1421 1249 1513 versus,
1288 1443 1328 1497 vt
1347 1428 1508 1523 impetus
1531 1424 1660 1503 ferret

664 1533 800 1621 animi,
838 1520 1002 1616 dicta're',
1044 1544 1083 1601 et
1110 1549 1180 1624 per
1201 1523 1383 1626 reliquam
1406 1524 1510 1601 diem
1532 1547 1659 1603 retra·

665 1630 806 1711 ctando
823 1649 862 1703 et
885 1626 1109 1727 cortigendo
1131 1627 1180 1698 ad
1231 1626 1437 1709 auciffimos
1457 1628 1653 1727 redigere,

660 1735 782 1837 ipsum
811 1730 861 1804 de
890 1727 927 1803 se
952 1755 1033 1803 non
1062 1654 1246 1803 dubitaiije‘
1268 1728 1412 1818 dicere,
1454 1727 1579 1804 vtfino
1610 1729 1655 1807 se

660 1857 831 1912 morene
851 1834 939 1903 tritu
957 1828 1080 1903 versus
1099 1855 1252 1929 parere,
1292 1850 1331 1903 et
1349 1829 1555 1905 lambendo
1580 1831 1655 1907 de·

658 1962 766 2013 mum
788 1928 965 2033 effingere
991 1936 1044 2023 (v.
1069 1930 1165 2004 GelL
1178 1935 1224 2005 N.
1238 1936 1283 2005 A.
1303 1935 1421 2021 XVII,
1446 1957 1500 2005 ιο.
1514 1939 1541 2024 ).
1565 1933 1652 2009 Sed

549 2026 551 2035 ¹
662 2036 756 2140 quid
773 2033 883 2108 huius
900 2037 1073 2107 oratione
1090 2031 1265 2107 doctius?
1311 2034 1403 2135 quid
1417 2032 1523 2106 versu
1539 2060 1652 2109 cotn-

660 2146 732 2215 tius
752 2156 789 2212 et
808 2132 960 2210 terfius?
981 2133 1226 2235 quidiudicio
1244 2132 1453 2210 subactius?
1473 2138 1565 2209 Hac
1578 2141 1652 2237 igi-

659 2261 721 2317 tur
737 2237 858 2313 laudis
872 2254 996 2332 parte,
1023 2237 1153 2338 quod,
1174 2232 1201 2308 [i
1218 2262 1276 2311 ret
1290 2234 1434 2327 tuliffet,
1458 2262 1650 2337 magnum

555 2332 558 2349 '
657 2340 828 2416 versuum
844 2363 1045 2411 numerum
1059 2363 1106 2413 ex
1122 2358 1296 2439 tempore
1312 2336 1464 2428 dixiffet
1482 2359 1649 2440 poetam

657 2438 1028 2538 commodepotuiffe
1039 2465 1168 2515 carere
1184 2438 1367 2517 existimo:
1393 2466 1480 2512 nam
1497 2438 1649 2517 etiamst

620 2630 623 2637 ¹
657 2569 744 2619 vem
762 2539 821 2630 stt,'
848 2565 921 2615 nec
940 2546 1085 2615 auxerit
1103 2566 1184 2617 rem
1206 2562 1332 2617 orator
1354 2566 1423 2643 pro
1436 2566 1544 2615 more
1558 2541 1644 2635 suo,

654 2647 786 2719 tamen
795 2641 888 2716 nihil
900 2638 1077 2732 efficitur,
1103 2640 1170 2717 nist
1190 2642 1284 2735 hoc,
1310 2641 1460 2719 facilem
1473 2642 1647 2719 Archiae

654 2770 789 2821 venam
807 2740 933 2831 tuitio,
966 2770 1046 2819 non
1068 2748 1183 2835 item}
1208 2742 1348 2821 flmiiie
1364 2770 1509 2847 puram.
1561 2749 1658 2831 E0-.

654 2848 742 2923 dem
764 2845 881 2919 modo
902 2845 1019 2920 statuo
1045 2847 1094 2921 de
1117 2873 1185 2939 eo,
1233 2846 1313 2921 uod
1337 2845 1518 2948 sequitur,
1537 2872 1647 2944 poe·

558 3038 561 3045 .
651 2969 747 3039 tam,
787 2952 934 3049 quoties
959 2967 1158 3023 reuocants
1240 2968 1278 3023 et
1302 2948 1352 3021 ad
1372 2974 1472 3036 rem,
1511 2971 1639 3047 quam

648 3052 725 3125 iam
742 3071 831 3123 nnte
851 3046 1084 3140 celebrnffet,
1139 3055 1251 3125 toties
1276 3074 1358 3122 enm
1380 3044 1506 3123 dixisse
1524 3072 1640 3123 com-

648 3156 798 3227 mutatis
814 3149 934 3225 verbis
962 3176 1008 3226 ac
1030 3149 1238 3225 sententiis:
1273 3176 1362 3224 nam
1388 3148 1641 3249 intelligimus

649 3259 760 3353 copia
775 3253 975 3326 verborum
992 3271 1030 3325 et
1044 3250 1224 3325 formulas
1241 3251 1392 3327 dicendi
1410 3250 1639 3329 instructum

647 3378 736 3429 eum
758 3350 884 3441 fuffle,
926 3376 1008 3423 non
1033 3350 1175 3426 iudicio
1197 3378 1285 3427 eum
1304 3353 1407 3427 vium
1426 3357 1466 3425 in
1488 3352 1639 3453 eligen-

645 3456 720 3545 do,
747 3452 866 3527 studio
884 3458 925 3524 in
942 3454 1280 3544 accommodando,
1307 3481 1398 3529 cura
1411 3460 1452 3527 in
1469 3479 1638 3555 compo·

593 3634 596 3639 ,
643 3555 786 3647 nendo.
840 3551 1119 3628 Grauiornsunt
1141 3581 1240 3657 quae
1258 3553 1388 3630 vltimo
1413 3555 1503 3630 loco
1531 3557 1636 3632 Ora-

641 3677 703 3733 tor
721 3673 1010 3731 commemorat:
1026 3680 1134 3755 quae
1148 3684 1239 3729 vero
1256 3675 1451 3731 accurate
1469 3661 1633 3757 cogita·

641 3775 762 3853 teque
766 3751 1001 3856 scnpfiffec,
1029 3783 1080 3829 ea
1092 3756 1155 3854 fic
1168 3761 1260 3831 vidi
1279 3758 1477 3859 probari,
1504 3776 1545 3831 vt
1561 3764 1631 3835 ad

638 3876 815 3931 veterum
846 3855 1095 3959 [emptorum
1142 3860 1310 3932 laudem
1346 3865 1628 3960 peruenirent.

637 3957 733 4045 Sed,
760 3953 825 4031 nii
846 3956 967 4050 fallor,
993 3985 1073 4035 non
1088 3958 1165 4035 fine
1178 3959 1319 4035 summa
1336 3959 1630 4041 cautionehaeo

635 4060 920 4158 interpretanda
947 4081 1076 4135 erunt:
1128 4087 1197 4135 cur
1228 4067 1331 4137 enim
1359 4066 1513 4153 Cicero,
1562 4068 1628 4139 vir

635 4179 739 4237 tanta
748 4159 944 4235 doctrinae
956 4182 994 4235 et
1012 4161 1232 4238 eruditionis
1249 4162 1360 4258 fama,
1383 4186 1420 4239 et
1436 4184 1539 4238 tanta
1553 4188 1627 4239 nu-

634 4267 825 4351 cton'tate,
866 4259 971 4335 suum
986 4288 1067 4335 non
1095 4267 1302 4365 interponit
1321 4268 1523 4355 iudicium,
1568 4264 1624 4359 se,

632 4390 734 4471 quae
750 4367 913 4464 cogitate
930 4360 1118 4463 scripfiffet
1132 4364 1297 4457 Archias,
1324 4395 1403 4445 non
1418 4364 1523 4468 poffe
1535 4392 1624 4445 non

632 4467 814 4568 probam,
852 4484 891 4540 et
912 4484 1080 4541 veterum
1113 4466 1335 4569 sctiptorum
1356 4468 1470 4548 laude
1487 4466 1623 4650 jtggla

638 4638 646 4659 ,
1334 4584 1338 4595 ·
1520 4570 1561 4640 iu
1597 4574 1624 4631 '-
