3909 5792
676 817 702 857 l.
1052 812 1245 861 ω

670 837 730 893 *t-l'

669 1029 866 1115 tantopere
895 1008 973 1083 hoc
1001 1014 1158 1085 nomine
1194 1007 1420 1099 delectetnr;
1460 1012 1501 1086 id
1526 1016 1662 1091 cuiuis·

668 1118 850 1201 nolirurn,
877 1117 944 1219 qui
968 1119 1177 1190 orationem
1190 1138 1261 1214 pro
1282 1112 1347 1185 illo
1365 1112 1532 1186 habitam
1549 1115 1657 1217 lege-

667 1225 735 1309 rit,
758 1217 986 1317 videritque,
1010 1242 1088 1321 quo
1119 1219 1264 1307 animo,
1292 1242 1367 1314 qua
1384 1214 1656 1310 admiratione,

666 1304 708 1395 bt
730 1338 868 1420 quanta
898 1319 1037 1417 pietate
1059 1336 1211 1423 poetam
1240 1314 1436 1406 defendat,
1462 1342 1660 1419 quaerere

667 1430 708 1497 iu
724 1439 888 1493 mentem
907 1422 1030 1513 veniat
1047 1415 1199 1492 'ueceffe
1220 1415 1282 1492 est.
1332 1421 1466 1523 Neque
1488 1425 1659 1497 enimin

668 1549 717 1597 eo
732 1522 839 1601 uobis
860 1520 1013 1599 licetne
1044 1519 1215 1610 uielcere,
1242 1519 1345 1625 quod
1374 1518 1543 1621 proliteri
1561 1548 1659 1595 enm

667 1625 862 1713 audimus,
891 1546 1165 1721 luppedrtatum
1189 1620 1303 1694 abeo
1325 1619 1389 1691 libi
1410 1618 1503 1705 ess'e,
1531 1622 1600 1695 vbi
1618 1644 1658 1697 et·

666 1731 813 1805 animus
831 1748 876 1793 ex
899 1720 1035 1794 l'orenst
1060 1721 1210 1821 strepitu
1228 1720 1452 1811 reficeretur,
1480 1742 1521 1794 et
1537 1750 1657 1801 aurea

576 1890 579 1897 .
668 1827 845 1901 conuicio
864 1820 1022 1895 desoss'ae
1037 1823 1363 1930 conquiescerent:
1380 1824 1545 1897 nantilla
1559 1826 1659 1901 Peme

666 1951 737 2029 per
754 1943 921 2015 remanet
943 1927 983 1993 in
1010 1929 1136 1999 antino
1162 1923 1364 2015 dubitati0,
1392 1948 1533 1999 verena
1565 1928 1657 2002 talia

588 2100 591 2107 ,
664 2025 963 2114 l'ueritdrchlas,
991 2030 1055 2124 qui
1076 2029 1269 2117 Ciceroni,
1296 2031 1483 2099 tamvaria
1508 2026 1658 2105 doetn‘·

665 2154 717 2201 na
734 2125 903 2217 exculto,
929 2147 1005 2199 tarn
1020 2132 1097 2200 aori
1122 2132 1198 2199 veri
1215 2146 1251 2201 et
1270 2126 1418 2229 pulchri
1436 2127 1658 2207 diiudican-

666 2230 708 2302 di
725 2226 902 2302 facultate
914 2226 1103 2319 instructa,
1125 2228 1276 2328 placere
1293 2234 1466 2329 potuerit,
1496 2256 1547 2303 an
1563 2258 1658 2309 cau·

664 2329 728 2421 sn,
756 2353 852 2433 quae
869 2328 946 2401 aliis
962 2328 1148 2420 latebant,
1173 2329 1236 2404 hic
1265 2349 1408 2403 tantum
1429 2331 1464 2403 le
1477 2329 1654 2408 fructum

663 2457 714 2521 ,ex
732 2436 885 2535 ingenio
914 2434 992 2503 eius
1025 2450 1062 2503 et
1087 2431 1355 2505 consuetudine
1382 2456 1498 2530 perce
1516 2433 1596 2508 rill'e
1613 2433 1655 2507 st,

664 2533 794 2607 malet.
845 2535 941 2605 Fieri
962 2552 1064 2606 certe
1086 2532 1210 2633 polle,
1236 2552 1275 2606 vt
1294 2531 1404 2604 aliam
1424 2461 1577 2609 caulam
1597 2537 1654 2610 lui

664 2640 706 2709 in
727 2661 814 2707 eum
841 2637 976 2706 amoris
1005 2632 1275 2734 praetenderit,
1327 2632 1436 2707 aliam
1467 2660 1560 2710 vera
1585 2638 1653 2711 has

662 2734 806 2825 buerit,
857 2754 895 2807 vt
925 2734 1484 2837 limulatorem‘quodammodo
1514 2746 1652 2837 egerit,

662 2838 705 2911 id
727 2836 880 2936 quidem
897 2860 977 2907 non
991 2836 1158 2937 negabit,
1189 2840 1405 2937 quinariam
1425 2841 1541 2911 animi
1561 2845 1650 2915 eius

662 2937 843 3027 indolem,
870 2956 907 3009 ct
927 2937 1153 3013 iudiciorum
1169 2938 1218 3012 de
1231 2938 1341 3011 rebus
1358 2939 1491 3012 iisdem
1508 2944 1651 3013 incon-

662 3038 831 3117 stantiam
849 3037 1001 3111 aliunde
1023 3040 1255 3141 perspectam
1277 3038 1468 3131 habuerit,
1495 3045 1652 3148 quique

662 3145 831 3230 nouerit,
858 3138 921 3213 illa
945 3139 1147 3238 religione,
1174 3167 1248 3241 qua
1262 3139 1431 3214 homines
1452 3163 1649 3235 verentur,

660 3242 735 3320 alia
762 3266 829 3313 ore
846 3240 989 3327 dicere,
1017 3240 1085 3315 alia
1111 3246 1237 3314 animo
1263 3240 1415 3333 sentire,
1443 3243 1649 3318 celeberri-

624 3370 633 3389 ·
659 3369 766 3419 mum
787 3346 1045 3414 Romanorum
1066 3361 1277 3433 oratorem,
1314 3368 1395 3416 non
1414 3343 1556 3449 ubique
1578 3365 1650 3420 aut

660 3445 806 3545 semper
823 3444 953 3513 teneri.
1005 3442 1309 3544 Multum-igitur
1333 3468 1449 3545 quum
1475 3446 1525 3521 ad
1559 3472 1649 3521 ora·

660 3551 752 3620 toris
771 3542 940 3629 laudern,
963 3559 1044 3616 tum
1060 3544 1110 3619 ad
1125 3544 1238 3618 nostri
1249 3550 1362 3619 anitati
1376 3551 1644 3643 intentionem,

658 3666 698 3720 et
713 3645 841 3718 iudicii
854 3642 1154 3720 moderationem
1170 3646 1333 3738 interest,
1361 3647 1469 3739 scire,
1496 3675 1645 3723 verene

659 3772 759 3847 quae
789 3744 836 3817 ‹le
868 3765 1004 3844 poetae
1031 3744 1209 3822 facultate
1240 3769 1534 3825 commemorata
1551 3750 1647 3852 legi-

638 3870 763 3935 ·rans,
791 3850 842 3919 ita
864 3845 897 3919 se
920 3847 1137 3940 habuerint,
1165 3877 1214 3922 au
1235 3874 1325 3922 non.
1405 3854 1536 3948 Quare
1558 3880 1645 3927 non

656 3972 808 4039 vereor,
835 3974 884 4020 ne
906 3970 970 4021 aut
988 3976 1059 4050 ego
1081 3950 1180 4024 male
1204 3950 1367 4045 curiosus
1393 3957 1571 4052 cuiquam
1591 3961 1645 4029 ri-

657 4047 767 4135 dear,
810 4047 897 4119 stin
926 4076 1005 4125 rem
1022 4050 1123 4127 istam
1143 4053 1259 4153 paulo
1291 4059 1499 4127 accuratius
1517 4060 1643 4157 inqui-

656 4164 754 4235 ram,
790 4169 854 4221 aut
879 4154 923 4236 ii,
973 4158 1038 4254 qui
1058 4154 1326 4251 praecedentia
1351 4161 1559 4230 attentione
1578 4157 1643 4232 sua

590 4334 597 4349 ι
656 4251 767 4351 digna
785 4251 1002 4341 iudicarint,
1044 4252 1091 4325 ab
1115 4242 1189 4349 lrac
1201 4253 1433 4351 curialitate,
1463 4284 1562 4357 quae
1590 4262 1643 4335 ad

654 4357 846 4529 {pigenhpn
870 4355 948 4423 eius
967 4356 1263 4457 perquirendum
1280 4355 1398 4450 valet,
1422 4360 1643 4445 cauendum

685 4455 721 4529 bi
745 4480 786 4529 ar
812 4458 980 4529 ineatur.
1064 4496 1073 4507 ··
1488 4503 1493 4511 ·

1523 4562 1645 4665 Quae
