3909 5792
915 818 1109 879 *Ξ
1441 844 1493 923 ta

516 1040 575 1090 res
590 1032 722 1089 contra
738 1008 813 1088 soni
827 1009 1068 1088 affectionum
1085 1036 1130 1086 ex
1142 1025 1267 1088 animo
1284 1010 1398 1091 eliciti
1413 1039 1492 1092 non

516 1118 636 1190 modo
650 1140 731 1188 non
747 1134 985 1214 repetuntur,
1021 1115 1144 1188 sedne
1162 1140 1205 1187 ea
1219 1116 1372 1217 quidem
1383 1115 1493 1190 liber·

515 1236 593 1291 tate
610 1213 804 1303 fruuntur,
838 1214 954 1289 vt'esua
974 1212 1105 1313 sponte
1126 1215 1382 1335 suppreffiotes
1400 1218 1509 1293 fiant.

428 1362 433 1379 ι
518 1338 557 1391 et
579 1315 710 1389 sonare
732 1312 890 1405 ceffent,
939 1313 1001 1387 sed
1016 1313 1118 1415 quasi
1135 1321 1169 1387 vi
1191 1314 1361 1417 [uppreffi
1379 1338 1416 1391 et
1429 1318 1492 1393 ab*

518 1420 619 1516 rupti
636 1414 851 1500 mutescunt.
920 1418 1039 1510 Quod
1055 1418 1133 1490 loci
1147 1423 1390 1491 mutationem
1412 1423 1492 1491 atti·

518 1537 601 1606 net,
630 1542 726 1616 quae
738 1512 880 1587 dimisso
896 1514 1011 1589 choro
1028 1516 1167 1590 auxilio
1182 1516 1253 1590 effe
1266 1524 1388 1617 coepit
1400 1543 1492 1619 poe

519 1624 586 1708 tis,
608 1643 707 1704 eam,
745 1612 808 1687 nist
820 1620 861 1687 in
879 1615 1010 1687 mediis
1029 1614 1174 1690 actibus
1193 1617 1281 1697 fiat,
1329 1644 1409 1691 non
1424 1614 1493 1719 puss

518 1739 591 1792 tem
614 1737 753 1807 tantam
769 1742 906 1805 noxam
926 1712 1071 1789 afferre.
1121 1720 1272 1790 Etenim
1286 1722 1354 1809 iis,
1393 1745 1494 1821 quae
1523 1792 1531 1805 ‚

514 1839 601 1893 ante
614 1815 714 1916 gesta
723 1814 823 1906 sant,
861 1821 912 1889 ita
923 1820 1135 1916 praeparati
1152 1812 1273 1891 fumus
1292 1838 1330 1892 et
1346 1820 1495 1897 incitati
1585 1872 1589 1879 -

514 1920 562 1993 ad
577 1914 784 2020 sequentia,
811 1936 849 1999 vt
864 1942 1041 1991 aueamus
1057 1923 1097 1990 in
1119 1917 1246 1992 locum
1265 1917 1390 2010 illum,
1426 1920 1493 1995 vbi

514 2026 590 2121 geri
605 2016 740 2119 possint
750 2072 759 2109 ,
770 2104 772 2111 Ι
783 2044 896 2119 quam
909 2016 1072 2092 eitiffime
1086 2016 1302 2092 translocmi
1316 2048 1326 2107 ;
1340 2022 1411 2113 ¹cui
1428 2046 1490 2093 ex-

513 2125 717 2223 pectationi
742 2140 780 2213 et
802 2138 890 2194 voto
917 2144 1035 2220 quum
1057 2118 1216 2193 allevato
1244 2118 1329 2193 velo
1355 2119 1491 2193 intissa-
1558 2116 1560 2121 ’

480 2252 486 2277 t
514 2241 616 2307 ctum
638 2210 827 2312 videmus,
867 2245 945 2293 non
970 2226 1160 2321 querimus
1184 2247 1258 2321 qua
1281 2218 1411 2325 praesti
1437 2226 1491 2295 io·

512 2349 595 2397 rum
607 2343 685 2395 arte
701 2320 843 2395 factum
858 2321 932 2394 hoc
947 2318 1007 2410 fit,
1043 2314 1124 2410 sed,
1156 2320 1347 2421 praeclare
1363 2249 1491 2396 noina-

515 2451 601 2499 cum
621 2443 746 2495 actum
770 2439 954 2521 putantes,
979 2420 1099 2497 statim
1115 2420 1215 2495 laeto
1232 2426 1358 2499 animo
1376 2421 1491 2498 rebus

513 2525 684 2624 gerendis
706 2520 903 2595 inhiamus.
974 2526 1102 2596 Minus
1126 2522 1248 2596 adhuc
1273 2520 1390 2596 officit
1418 2543 1490 2597 tra-

514 2626 674 2724 goediae
694 2620 759 2695 fini
776 2643 988 2722 tempotum
1005 2627 1178 2712 mutatio,
1206 2620 1271 2695 nisi
1284 2622 1364 2696 talis
1378 2648 1423 2697 ea
1435 2620 1489 2714 stt,
1527 2682 1531 2697 .

515 2746 556 2798 vt
576 2750 611 2795 v.
643 2750 675 2799 c.
702 2729 769 2842 qui
794 2749 890 2823 puer
907 2723 1034 2823 ¹paulo
1055 2742 1142 2799 ante
1160 2722 1294 2813 fuerit,
1333 2724 1492 2801 duarum

438 2873 456 2905 -,
509 2825 720 2899 'horaruml
750 2828 825 2897 atio
844 2822 951 2897 senex
965 2844 1154 2924 appareat.
1219 2827 1366 2897 Etenim
1378 2831 1418 2898 in
1430 2850 1492 2900 rea

513 2930 646 3000 intenti
662 2920 676 3014 ,’
721 2852 1111 2999 iocorumdistantias
1135 2943 1174 3011 et
1198 2944 1407 3025 tempotum
1433 2931 1490 2999 in·

513 3020 667 3101 tet-ualle
692 3051 772 3099 non
792 3032 902 3100 anxie
927 3046 1124 3115 curamus-3
1174 3022 1360 3099 miset-eret
1388 3046 1492 3102 certe

512 3150 819 3227 vnumquemque
833 3120 974 3201 bonum
988 3122 1160 3217 hominis,
1180 3131 1256 3227 qui,
1282 3126 1395 3200 allato
1409 3152 1492 3201 cae·

514 3229 570 3302 dis
586 3224 744 3318 nuncio,
785 3255 903 3327 qaum
923 3226 1042 3317 ocuh'a
1066 3247 1122 3301 tot
1136 3224 1291 3303 effectus
1308 3244 1493 3321 cerneret,

512 3325 602 3421 loci,
626 3335 664 3401 in
678 3331 760 3431 quo¹
777 3330 910 3403 caedes
931 3326 1118 3403 commiffa
1134 3325 1277 3417 fniffet,
1314 3329 1491 3401 interual«

513 3430 593 3506 lum
619 3429 731 3504 vellet
757 3432 797 3502 in
826 3434 969 3520 uirere,
1016 3449 1104 3520 aut,
1138 3432 1287 3530 ignarus
1315 3427 1490 3502 locorum

515 3528 727 3621 distantiae,
763 3458 924 3621 dtiieret‚
958 3530 1063 3632 quod
1076 3556 1213 3632 mappa
1228 3529 1489 3631 geographica,

514 3658 626 3737 quam
639 3628 851 3733 inspiceret,
877 3634 926 3709 ad
940 3658 1073 3711 manus
1088 3656 1168 3706 aon
1185 3608 1281 3706 effet.
