3909 5792
629 1330 636 1339 .
687 1258 1141 1344 conderent,
1192 1249 1321 1327 sed
1363 1272 1445 1356 γι
1489 1256 1864 1333 veteribus
1898 1259 2216 1337 XXXV.
2269 1255 2659 1350 tribubus,

682 1366 766 1436 in
798 1382 983 1459 quas
1012 1353 1347 1456 populus
1363 1359 1766 1441 tRomanus
1794 1358 2201 1462 descriptus
2232 1379 2413 1450 erat,
2446 1362 2647 1435 v111.

585 1545 590 1549 ,
680 1484 923 1535 nouas
965 1455 1352 1548 adderent,
1407 1462 1494 1530 iis
1557 1484 1649 1533 ue
1687 1465 1891 1535 ciues
1940 1486 2037 1535 ex
2086 1462 2344 1535 Italiae
2393 1465 2651 1536 ciuita-

682 1562 882 1636 tibus
903 1613 923 1651 ,
1036 1562 1113 1630 ui
1141 1558 1260 1631 vel
1297 1556 1485 1631 Iulia
1550 1584 1688 1660 ege
1710 1560 1834 1634 vel
1859 1561 2153 1637 Plautia
2180 1565 2475 1663 Papiria
2498 1565 2649 1637 Ro·

680 1686 854 1738 mae
876 1658 975 1733 ad
1005 1663 1224 1760 cripti
1261 1679 1494 1751 erant,
1531 1662 2265 1766 comprehenderent
2302 1666 2413 1754 (v.
2437 1664 2649 1741 Onu-

681 1762 850 1867 phr.
893 1761 993 1834 ad
1021 1760 1201 1834 Fast.
1241 1763 1482 1861 Capit.
1516 1789 1592 1864 p.
1636 1788 1742 1837 m.
1790 1764 2037 1853 156.):
2092 1769 2373 1839 etenim
2410 1786 2651 1879 quae·

681 1890 850 1939 rere
893 1862 1188 1962 semper
1215 1862 1476 1954 liceat,
1533 1890 1668 1939 cur
1696 1863 2047 1958 Archias,
2090 1869 2224 1966 qui
2261 1869 2345 1941 in
2398 1886 2685 1945 noum,

681 1991 854 2040 rum
885 1968 1166 2040 ciuium
1223 1989 1542 2039 numero
1603 1983 1796 2058 erat,
1894 1993 2134 2069 quum
2184 1971 2267 2040 in
2315 1963 2645 2067 aliquam

679 2066 978 2143 illarum
1024 2064 1389 2156 tribuum,
1445 2092 1644 2167 quae
1675 2093 1769 2141 ex
1803 2073 2027 2143 nouis
2056 2065 2345 2142 ciuibus
2388 2062 2649 2140 consti·-

678 2167 1086 2243 tuebantur
1108 2223 1130 2259 ,
1185 2194 1232 2239 a
1271 2166 1699 2243 censoribus
1736 2167 1998 2245 referri
2044 2167 2399 2256 deberet.
2483 2189 2651 2241 non

678 2269 955 2360 mode,
1045 2268 1255 2371 quod
1305 2294 1398 2342 ex
1454 2272 1829 2345 Cicerone
1878 2269 2259 2368 colligitur
2278 2323 2305 2359 „
2348 2271 2434 2341 in
2475 2289 2647 2341 eam

682 2369 957 2445 relatus
1018 2397 1178 2443 non
1235 2367 1319 2442 fit
1342 2423 1361 2459 ,
1451 2368 1616 2461 sed,
1690 2375 2053 2473 quoniam
2104 2368 2643 2458 accusatorem,

682 2470 986 2547 censum
1024 2476 1525 2571 requirentem
1545 2527 1568 2562 ,
1634 2471 1950 2553 irrideat,
1980 2475 2219 2569 magis
2253 2488 2643 2571 patronus,

682 2598 916 2673 quam
950 2570 1302 2645 clientem
1338 2573 1690 2646 excusare
1730 2571 2061 2663 laboret,
2110 2577 2277 2645 iure
2326 2594 2488 2643 non
2531 2593 2647 2643 re-
2690 2600 2699 2607 ·

678 2671 872 2747 latus
905 2670 1050 2745 effe
1080 2671 1440 2747 videatur.
1490 2676 1593 2748 At
1624 2672 1982 2748 facillimo
2009 2677 2316 2772 negotio
2346 2670 2429 2745 id
2461 2696 2647 2746 con-

645 2772 946 2846 ficitur.
1048 2775 1612 2847 Meminerimus
1660 2772 1896 2846 modo
1917 2827 1938 2864 ,
2002 2773 2355 2849 Archiam
2408 2775 2641 2845 Herna

677 2870 1048 2947 cleensem
1161 2872 1414 2946 uidem
1485 2868 1733 2964 fuiffe,
1816 2874 2203 2977 talemque
2246 2872 2319 2949 se
2346 2871 2639 2974 semper

674 2966 984 3046 voluiffe
1013 2898 1312 3064 haberi,
1362 2972 1487 3049 sed
1520 2975 2010 3065 domicilium,
2064 2974 2277 3077 quod
2310 2998 2405 3051 ex
2441 2972 2637 3073 lege,

675 3077 814 3174 qui
849 3071 1246 3147 donandus
1295 3097 1491 3167 erat,
1537 3084 1620 3151 in
1668 3076 1882 3151 Italia
1929 3075 2286 3167 haberet,
2341 3070 2639 3151 necess'e

676 3194 872 3265 erat,
921 3179 1004 3249 in
1045 3172 1202 3275 ipsa
1239 3176 1444 3253 Vrbe
1477 3176 1837 3254 habuiffe.
1931 3183 2226 3283 Itaque,
2275 3174 2639 3251 domicilii

675 3275 857 3351 loco
911 3277 1368 3351 decernente
1391 3334 1410 3370 ,
1462 3284 1686 3355 nouis
1725 3278 1868 3357 illis
1914 3282 2109 3357 VIII.
2153 3277 2517 3368 tribubuS,
2553 3282 2641 3351 in

676 3402 866 3481 quas
911 3377 1183 3479 reliqui
1231 3400 1432 3455 extra
1479 3382 1759 3458 Vrbem
1787 3436 1810 3473 ,
1889 3386 1973 3455 in
2018 3385 2285 3459 vicinis
2322 3383 2637 3457 ciuitati-

671 3478 818 3555 bus
838 3535 859 3571 ,
903 3484 1244 3554 viuentes
1292 3483 1917 3575 conficiebantur,
1968 3480 2282 3559 adscribi
2318 3500 2396 3553 vt
2428 3478 2641 3554 nole-

674 3578 840 3672 bat,
891 3585 995 3655 ita
1031 3606 1192 3654 non
1228 3605 1561 3683 poterat3
1663 3583 1792 3661 sed
1835 3598 2240 3685 expectare
2279 3577 2633 3669 debebat,

675 3680 862 3759 dum
901 3680 1238 3783 legitimo
1279 3685 1538 3762 'census
1583 3712 1788 3763 anno
1812 3740 1836 3777 ,
1911 3686 1995 3763 h.
2031 3711 2099 3760 e.
2147 3686 2323 3761 668.
2363 3680 2491 3753 vbi
2520 3679 2641 3753 lu-

673 3781 900 3861 strum
954 3787 1253 3860 LXVII.
1315 3788 1806 3864 condendum
1853 3806 2015 3861 erat
2035 3842 2059 3879 ,
2137 3782 2362 3859 tribui
2406 3780 2637 3857 alicui

675 3908 774 3963 ex
800 3888 1118 3961 XXXV.
1155 3889 1530 3971 veteribus
1564 3890 1991 3967 adderetur.
2094 3882 2328 3983 Quod
2353 3902 2631 3973 tamen,

673 4011 915 4091 quum
953 3984 1214 4061 census
1255 4010 1600 4095 tempore
1630 3995 1872 4066 Roma
1907 3985 2222 4078 abesset,
2275 3984 2437 4059 fieri
2470 4007 2631 4058 non

670 4093 945 4187 potuit.
1046 4087 1238 4179 Sed,
1321 4114 1403 4169 vt
1447 4091 1651 4195 quafi
1688 4117 1841 4166 vno
1895 4093 2167 4165 intuitu
2195 4142 2216 4178 ,
2295 4109 2501 4186 quae
2529 4082 2633 4161 ad

671 4194 901 4265 vitam
947 4208 1027 4265 et
1053 4186 1210 4263 fata
1256 4194 1580 4271 Archiae
1619 4196 2081 4295 pertineant,
2133 4205 2439 4265 contem
2493 4186 2635 4263 lari

673 4286 940 4381 liceat,
1001 4315 1180 4389 age,
1265 4318 1360 4368 ex
1395 4299 1484 4366 iis
1509 4348 1534 4384 ,
1602 4316 1802 4396 quae
1827 4296 1979 4366 iam
2025 4291 2401 4392 disputata
2440 4215 2629 4378 funt,

671 4391 1128 4465 notabiliora
1179 4392 1618 4494 colligamus
1683 4413 1762 4469 et
1819 4414 2183 4495 tanquam
2240 4398 2326 4465 in
2374 4388 2629 4470 tabula

672 4512 1218 4591 proponamus.

829 4660 838 4669 ,
870 4596 1106 4668 Natus
1155 4589 1256 4667 est
1293 4587 1598 4667 Archias
1633 4594 2081 4671 Antiochiae
2097 4649 2119 4685 ,
2191 4615 2391 4691 quae
2449 4583 2622 4663 vrbs

675 4687 780 4767 est
817 4690 1072 4787 Syriae
1100 4689 1580 4785 nobiliffima,
1627 4718 1832 4771 anno
1868 4700 1963 4775 V.
1993 4698 2081 4771 C·
2112 4692 2289 4769 636.
2326 4689 2627 4806 MPqn-

2502 4810 2624 4866 cio
