3909 5792
1042 602 1238 623 ΗΜ

649 785 707 853 nis
721 794 850 847 contra
874 768 912 847 e‘t
928 773 1003 863 cibi
1020 771 1225 865 sustulerit,
1261 796 1333 873 per
1348 768 1384 845 le
1400 768 1628 874 intelligitur,

651 906 738 953 emn
762 876 935 949 sennonis
955 880 1071 973 magis
1093 896 1131 949 et
1157 892 1270 949 coetu
1299 878 1508 947 amicorum
1528 874 1630 949 dele·-

650 984 854 1052 ctationem
870 982 1003 1065 metiri,
1013 1002 1127 1075 quam
1141 978 1309 1075 corporis
1323 973 1573 1075 voluptateet
1585 980 1629 1049 ti·

650 1072 832 1154 tillmione
842 1073 961 1175 gulae.
996 1077 1073 1149 Sed
1089 1076 1195 1177 quod
1212 1100 1373 1175 corpore
1388 1080 1550 1177 percipit
1564 1102 1630 1151 vo·

649 1180 812 1279 luptatis,
823 1174 1049 1276 planenihili
1060 1174 1255 1266 est,ficum
1265 1174 1516 1251 delectatione
1526 1204 1630 1253 com·
1679 1208 1692 1219 ··

648 1302 810 1383 paratur,
821 1276 1201 1378 quafraituranimus.
1227 1280 1630 1378 Vtauctoritatisprac·

646 1410 687 1457 m
702 1410 741 1468 a,
768 1381 904 1480 quibus
922 1376 1151 1452 cumulatum
1163 1403 1254 1452 eum
1269 1375 1527 1477 conspicimus,
1553 1385 1631 1478 pri·

589 1560 601 1587 ι
647 1508 713 1559 mo
736 1479 823 1555 loco
850 1483 1054 1569 nominem,
1103 1505 1201 1580 quae
1222 1483 1389 1579 corporis
1411 1478 1629 1578 voluptates

649 1609 737 1661 curn
751 1581 808 1654 his
829 1580 909 1654 lunt
928 1578 1235 1680 comparandae?
1276 1578 1427 1653 Habent
1441 1596 1541 1653 certe
1559 1581 1627 1657 iila

649 1704 793 1759 tanturn
807 1687 846 1754 in
860 1681 896 1755 se
916 1700 953 1755 et
965 1683 1203 1755 iucunditatis
1223 1700 1262 1755 et
1278 1679 1473 1771 suauitatis,
1487 1700 1545 1771 vt,
1561 1688 1627 1757 cui

542 1864 545 1876 ,
648 1791 701 1859 vti
715 1782 785 1857 illis
798 1782 929 1873 liceat,
962 1781 1074 1857 facile
1088 1782 1263 1857 omnibus
1276 1780 1548 1855 adolescentiae
1560 1810 1626 1857 ro-

646 1885 851 1987 luptatibus
869 1904 993 1959 careat
1010 1887 1057 1977 *).
1107 1886 1233 1985 Atque
1249 1908 1295 1958 eo
1313 1882 1624 1959 honorificentius

646 1986 788 2063 Nestori
805 2012 849 2060 ea
865 1990 1109 2085 contingunt,
1161 2010 1240 2085 quo
1252 1990 1376 2057 minus
1393 1988 1541 2059 canitiei
1558 1992 1627 2061 cri·

646 2094 770 2177 nium,
810 2108 847 2173 et
861 2086 991 2161 frontis
1007 2106 1044 2160 et
1061 2110 1242 2186 genarum
1256 2092 1373 2186 rugis,
1410 2112 1456 2173 ea
1467 2073 1625 2186 accipta

645 2186 776 2280 refert,
816 2188 879 2263 sed
904 2214 950 2262 ex
978 2186 1228 2261 adolescentia
1252 2186 1405 2261 honeste
1427 2206 1623 2281 transacta,

637 2284 825 2389 ‚tanquam
842 2289 982 2364 fructus
999 2311 1203 2380 extremos,
1247 2293 1392 2389 repetit.
1448 2292 1623 2385 Quantus
1663 2366 1672 2377 ,

531 2454 534 2459 .
644 2390 768 2465 honor
782 2394 858 2491 regi
871 2416 1019 2491 regum,
1058 2397 1348 2490 Agamemnoni,
1385 2386 1624 2465 elleaconsr·

644 2488 724 2565 liis!
771 2513 906 2593 quanta
931 2491 1091 2583 laetitia,
1133 2490 1343 2567 fortillnnos
1363 2518 1536 2594 quosque
1556 2488 1623 2565 fibi

644 2590 869 2681 obedientes
890 2592 1047 2668 habere!
1076 2620 1187 2694 ¹quae
1213 2593 1407 2695 voluptas,
1447 2591 1623 2667 omnibns

643 2720 772 2771 carum
784 2692 855 2768 elle
870 2713 907 2767 et
919 2700 1047 2796 appeti
1059 2693 1105 2766 ab
1121 2695 1314 2769 omnibus!
1340 2714 1520 2795 quantum
1533 2720 1622 2793 gau·
1644 2718 1647 2723 ·

642 2796 770 2887 dium,
797 2814 968 2895 optatum
981 2796 1109 2869 videre
1127 2794 1363 2871 confiliorum
1380 2794 1526 2867 luorum
1543 2794 1621 2869 luc·

609 2938 611 2942 ·
642 2894 798 2972 cellum!
840 2924 953 2997 quam
975 2898 1094 2971 dulcis
1115 2917 1240 2971 motus
1260 2900 1300 2971 in
1315 2898 1440 2969 animo
1463 2893 1534 2967 elle
1555 2895 1620 2968 de

641 2992 724 3089 bet,
770 3025 888 3099 quum
913 2996 949 3072 le
973 2998 1263 3098 gubernatorem
1281 3016 1319 3071 et
1340 2996 1620 3087 moderatorem

640 3104 810 3174 omnium
828 3098 972 3173 salutari
987 3100 1111 3174 audit!
1134 3105 1170 3174 N
1172 3124 1215 3174 ec
1228 3100 1351 3175 minor
1362 3096 1530 3201 generosi
1541 3103 1619 3171 ani·

638 3205 693 3274 mi
720 3199 891 3303 voluptas
923 3200 1000 3293 est,
1036 3248 1039 3253 -
1080 3200 1157 3275 uod
1180 3218 1237 3275 tot
1271 3201 1374 3274 videt
1402 3198 1619 3301 disciplinae

639 3296 926 3394 laaealrimnos;
970 3228 1078 3404 quoll
1090 3304 1299 3403 praeceptis
1315 3302 1404 3393 luis,
1454 3305 1615 3392 monitis,

639 3396 837 3503 exemplo,
888 3404 1022 3478 futuris
1049 3410 1160 3477 etiam
1185 3404 1312 3479 seculis
1335 3402 1455 3505 potest
1479 3401 1618 3503 prospi-

639 3526 737 3576 cere.
805 3508 1001 3602 Quantum
1028 3505 1285 3581 delectationis
1315 3508 1475 3605 percipit
1501 3508 1617 3605 patria

637 3607 807 3696 animus,
858 3606 921 3681 vbi
940 3612 981 3679 in
1002 3607 1086 3682 filiis
1110 3606 1266 3706 gloriam
1286 3605 1402 3707 stirpis
1419 3630 1500 3679 non
1516 3611 1617 3679 occi-

638 3702 739 3794 dere,
767 3704 802 3779 le
816 3704 864 3781 de
877 3734 980 3781 nouo
999 3704 1226 3784 efflorescere
1246 3700 1526 3797 animaduertit,
1549 3704 1619 3780 vbi

630 3805 760 3897 audit,
799 3833 862 3882 eos
876 3808 969 3880 nihil
985 3814 1125 3899 carius,
1154 3806 1248 3881 nihil
1260 3812 1447 3907 antiquius
1462 3805 1615 3896 habere,

665 3917 752 3979 uam
768 3912 964 4001 vtanimo,
988 3915 1142 3997 virtute,
1168 3912 1326 3997 meritis,
1353 3913 1466 4009 patria
1482 3906 1614 3982 similes

713 4029 738 4083 t.
791 4013 878 4105 Qua
892 4008 1085 4109 voluptate
1097 4006 1276 4107 perfundi
1297 4008 1427 4103 debet,
1458 4008 1525 4183 dli
1539 4010 1615 4083 An·

1357 4112 1360 4117 ⁴
1477 4110 1613 4203 ocho,

595 4430 601 4441 Ι
676 4278 715 4413 ἐ)
733 4316 1046 4439 vra-saaraim
1060 4314 1329 4405 caraman.
1360 4316 1439 4389 va.
1454 4288 1542 4413 n'p.
1556 4326 1612 4395 ao.
