3909 5792
1201 1168 1302 1239 68
1990 1172 2377 1218 =====

1207 1367 1376 1439 diae
1403 1362 1914 1439 aduersantem
1941 1365 2368 1471 relinquere
2394 1367 2629 1441 inber«
2654 1388 2705 1441 t.
2809 1371 2897 1441 In
2926 1373 3171 1443 omni·-

1206 1467 1344 1539 bus
1382 1469 1537 1535 eius
1577 1463 1824 1539 cho.·is
1871 1480 2016 1540 lio-3
2050 1468 2233 1545 licet
2272 1469 2905 1559 animaduertere,
2960 1495 3159 1563 eum,

1211 1566 1388 1639 dum
1414 1569 1586 1637 artis
1616 1584 1692 1637 et
1725 1572 2001 1667 ingenii
2039 1572 2310 1667 regulis
2343 1572 2792 1659 inhaereret,
2855 1590 3169 1647 naturae
3274 1646 3281 1665 ,

1207 1687 1474 1741 nutum
1509 1666 1892 1741 interdum
1918 1670 2337 1771 neglexille.

2139 2038 2231 2115 V.

1213 2242 1429 2340 Quid
1496 2240 1776 2311 chorus
1849 2241 1969 2311 ad
2036 2239 2522 2338 tragoediae
2577 2240 3165 2341 perfectionem

1504 2427 1598 2485 ,ει
1623 2409 1886 2511 finem
1933 2408 2329 2481 moralem
2374 2406 2826 2482 contulerit.

1399 2678 1953 2754 Persem-ionem
1989 2678 2435 2779 tragoediae,
2478 2702 2641 2751 eam
2678 2698 2881 2778 puta,
2934 2706 3162 2781 quain

1209 2784 1439 2856 critici
1479 2806 1570 2852 ex
1613 2784 1822 2853 vuius
1879 2801 1954 2854 et
1998 2781 2151 2855 loci
2202 2798 2275 2853 et
2314 2784 2669 2879 temporis
2720 2798 2795 2853 et
2846 2786 3158 2854 actionis

1207 2880 1357 2953 fine
1409 2880 1702 2954 fabulae
1761 2880 2029 2978 (pus-98)
2072 2880 2587 2954 obseruatione
2641 2877 2829 2953 effici
2876 2880 3157 2970 volunt,

1207 2988 1328 3055 vix
1365 2980 1844 3081 potnissenon
1865 2982 2221 3082 consequi
2245 2984 2574 3054 Graecos
2608 3000 2893 3080 poeta-5,
2951 2981 3162 3057 chori

1208 3083 1614 3184 praesentia
1648 3085 1965 3174 adiut05‚
2022 3088 2096 3154 in
2129 3079 2456 3155 conlesso
2486 3080 2604 3153 est.
2708 3084 2899 3155 Nam
2931 3108 3165 3183 quum

1206 3185 1478 3257 chorus
1541 3182 1932 3255 hominum
1982 3180 2331 3281 personas
2385 3202 2708 3279 gereret,
2815 3189 2944 3282 qui
2990 3182 3161 3255 casu

1208 3284 1540 3383 quodam
1571 3282 1873 3354 fortuito
1919 3278 2468 3370 conuenissent,
2556 3301 2631 3354 et
2661 3283 2777 3354 vel
2814 3288 2995 3354 noni
3038 3310 3163 3355 cn-

1209 3383 1517 3483 piditate
1553 3386 1693 3453 acti
1717 3436 1735 3468 ,
1819 3381 1938 3452 vel
1972 3385 2338 3453 amicitiae
2365 3403 2439 3453 et
2471 3381 2968 3457 familiaritatis
3005 3382 3160 3454 ossi-

1209 3488 1337 3556 ciis
1379 3483 1658 3554 detenti
1695 3479 2115 3553 interessent
2158 3486 2259 3551 rei
2292 3482 2698 3579 gerendae:
2804 3484 3015 3557 locus
3058 3503 3166 3555 et·

1206 3589 1352 3655 iam
1390 3583 1604 3656 scena
1633 3580 2212 3679 repraesentatus
2246 3582 2402 3653 talis
2432 3582 2574 3657 effe
2614 3582 2937 3657 debebat
2969 3639 2986 3673 ,
3040 3583 3160 3658 vel

1206 3690 1453 3781 regio,
1509 3682 1626 3753 vel
1662 3683 1856 3755 vrbis
1890 3682 2174 3781 platea,
2229 3684 2345 3754 vel
2376 3682 2621 3755 forum
2650 3710 2822 3757 curn
2862 3685 3159 3784 templis

1207 3805 1282 3857 et
1318 3784 1602 3883 palatiis
1627 3838 1644 3871 ,
1720 3787 1797 3853 in
1825 3808 2016 3881 quo,
2072 3784 2265 3854 salua
2302 3791 2455 3855 veri
2486 3782 2955 3859 firnilitudine
2978 3841 2995 3875 ,
3072 3810 3161 3857 ea

1199 3883 1589 3957 hominum
1618 3883 2039 3983 frequentia
2074 3889 2380 3983 reperiri
2410 3884 2665 3984 poffet.
2774 3890 3030 3983 Quare
3058 3905 3161 3959 et-

1200 3988 1350 4057 iam
1387 3983 1591 4055 nulla
1619 4004 1814 4055 extat
1853 4010 1944 4056 ex
1976 4005 2313 4058 veterum
2354 3988 2767 4085 tragoediiS,
2815 3994 3023 4062 cuius
3052 3986 3158 4059 fa-

1203 4084 1378 4157 bula
1421 4089 1620 4156 intus
1656 4088 1733 4155 in
1764 4085 2073 4158 aedibus
2115 4085 2458 4160 accidiss'e
2494 4088 2846 4188 fingenda
2878 4090 2998 4162 lit:
3056 4110 3159 4163 et-

1201 4192 1404 4258 enim
1439 4184 1659 4258 rebus
1691 4240 1710 4277 ,
1803 4192 2101 4286 quaein
2136 4189 2363 4260 domo
2404 4188 2678 4261 etiamst
2720 4218 2763 4261 a
2811 4215 2985 4289 rege
3036 4216 3157 4287 ge·

1193 4286 1340 4360 stae
1376 4282 1639 4374 ess'ent,
1722 4310 1878 4358 non
1911 4293 2139 4387 magis
2168 4290 2325 4361 fieri
2370 4288 2575 4387 poffe
2600 4291 2999 4389 putabant,
3078 4310 3159 4363 vt

1191 4408 1306 4461 tot
1339 4384 1552 4459 testes
1587 4386 2044 4479 interess'ent,
2136 4415 2362 4489 quam
2404 4410 2481 4461 vt
2528 4397 2798 4490 priuati
2829 4392 3155 4465 hominis

1180 4488 1380 4563 facta
1401 4485 1620 4560 talem
1649 4486 1934 4560 testium
1970 4512 2889 4580 nun1e1·u1n1norarentur;
2942 4512 3018 4564 vt
3043 4488 3153 4565 fa·

1186 4589 1448 4677 bulae,
1504 4590 1800 4687 quaein
1845 4589 2137 4663 Graeco
2168 4589 2452 4664 theatro
2482 4592 2741 4665 doceri
2774 4613 3149 4691 poterant,

1186 4717 1308 4763 res
1339 4687 1985 4789 comprehendere
2012 4690 2393 4783 deberent,
2432 4716 2591 4764 non
2616 4694 2848 4765 modo
2880 4721 2919 4765 a
2950 4718 3150 4789 rege,

1187 4817 1446 4869 verum
1477 4793 1708 4867 etiam
1744 4788 2340 4892 publicegestas.
2459 4796 2625 4868 Hac
2662 4792 2816 4892 ipsa
2858 4794 3152 4965 resiliu-

2990 4920 3145 4967 rom
