3909 5792
580 558 630 633 88
976 568 1167 607 m

586 764 743 843 omnino
778 748 910 834 o'culos
955 782 993 836 et
1034 786 1142 839 aures
1184 758 1355 851 laedant,
1381 826 1384 831 .
1407 756 1572 836 alliciant

588 867 757 949 animos,
811 888 924 962 quam
970 889 1059 936 vero
1103 867 1232 935 etiam·
1259 867 1333 933 cito
1383 864 1572 935 interdum
1649 902 1652 909 ·

585 962 763 1036 alienent.
854 966 948 1061 Quis
987 990 1126 1066 negare
1169 962 1336 1051 audeat,
1388 968 1573 1037 recentio-

589 1088 673 1159 rum
706 1064 939 1161 tragoediam
972 1072 1083 1139 etiam
1118 1062 1193 1136 line
1229 1063 1366 1151 choro,
1419 1065 1573 1164 propul-

589 1160 663 1236 sata
689 1168 797 1237 nimis
826 1164 951 1239 seuera
975 1187 1013 1239 et
1038 1165 1207 1265 religiosa
1232 1163 1309 1235 loci
1336 1183 1373 1259 et
1394 1170 1574 1264 temporis

588 1264 870 1355 obseruatione,
923 1268 971 1340 ad
1014 1268 1192 1340 summanr
1236 1270 1277 1335 iu
1322 1260 1387 1336 suo
1434 1276 1574 1364 genere

588 1365 861 1466 perfectionem
904 1367 1005 1468 polse
1043 1366 1225 1468 perduci?
1275 1366 1313 1435 Si
1350 1366 1485 1438 chorus
1517 1394 1574 1439 re-

591 1486 722 1565 ceptus
750 1466 846 1554 effer,
887 1468 1048 1540 scenicas
1076 1470 1186 1543 etiam
1212 1463 1385 1565 personas
1411 1491 1491 1537 non
1518 1466 1571 1538 so-

590 1565 669 1640 lum
703 1573 874 1657 metrice,
928 1567 989 1639 sal
1022 1573 1133 1639 etiarn
1163 1566 1212 1637 ad
1245 1564 1571 1638 instrumentorum

589 1668 724 1739 modos
750 1673 905 1741 recitare
931 1666 1075 1740 neceffe
1101 1664 1198 1755 effer,
1234 1691 1284 1736 ne
1310 1672 1445 1739 nimius
1472 1672 1570 1738 inter

588 1766 787 1867 loquentes
814 1788 850 1839 et
874 1788 1049 1840 canentes
1078 1766 1183 1840 saltus
1211 1764 1387 1839 existeret.
1425 1768 1569 1879 ¹Quod

588 1890 680 1938 vero
735 1869 1000 1941 imitandorum
1051 1874 1147 1941 vitae
1197 1873 1388 1943 actionum
1438 1894 1567 1971 genus,

589 1993 708 2067 quum
731 1969 849 2043 oculis
870 1991 906 2043 et
931 1970 1082 2043 auribus
1108 1967 1237 2041 uostris
1256 1968 1440 2042 insuetum
1458 1968 1568 2057 soret,

589 2088 629 2140 et
651 2074 812 2142 veritatis
848 2070 993 2170 legibus
1020 2096 1251 2171 repugnaus;
1303 2091 1342 2141 vt
1368 2076 1434 2171 qui
1459 2077 1569 2170 patrii

585 2166 651 2241 soli
676 2191 841 2244 amantes
873 2199 942 2247 nos
969 2194 1049 2245 non
1075 2192 1151 2243 tam
1168 2170 1291 2245 ·sacile
1320 2177 1504 2270 patiamur
1528 2177 1570 2244 iu

586 2277 801 2371 peregrinas
831 2280 1003 2375 regiones
1046 2272 1252 2344 transferri:
1305 2271 1472 2346 fruamur
1501 2298 1569 2377 po-

563 2388 566 2397 '
586 2374 659 2447 tius
677 2374 828 2466 nostris,
884 2377 935 2448 de
961 2378 1114 2453 Graecis
1134 2373 1261 2449 securi.
