3909 5792
619 177 1581 623 —

490 1052 1073 1137 ss-ssze

491 1250 711 1348 Aeschylus,
737 1268 775 1324 tt
791 1277 870 1325 non
886 1270 960 1327 tarn
975 1274 1117 1329 metum
1137 1258 1328 1343 iniiceret,
1386 1270 1472 1329 nant

496 1379 634 1430 terrore
654 1352 876 1453 percelleret
890 1384 898 1442 ;
918 1346 1011 1427 nihil
1027 1374 1127 1429 certe
1142 1352 1338 1425 terribilius
1353 1278 1472 1428 illoto

493 1454 762 1541 Eumenidum,
782 1454 843 1541 vbi
863 1458 1028 1529 Oreliern
1046 1463 1084 1527 in
1098 1454 1262 1527 sutorem
1285 1458 1473 1529 coniicete

493 1546 676 1631 laborant.
695 1552 697 1557 ’
727 1554 785 1628 Ab
802 1554 877 1629 hoc
890 1550 1092 1649 Aeschyleo
1110 1574 1238 1642 more,
1266 1574 1303 1627 et
1320 1558 1409 1627 anti(
1425 1580 1474 1653 na

494 1657 556 1732 illa
587 1652 691 1729 chori
713 1654 973 1731 constitutione
995 1654 1143 1753 lougius
1164 1652 1305 1727 recellit
1326 1584 1474 1755 Sopho·

496 1758 572 1835 cles
587 1752 644 1847 b),
681 1766 755 1827 tam
773 1753 874 1831 leliei
891 1755 1050 1831 luccelln
1063 1756 1161 1853 rsus,
1195 1774 1234 1825 tt
1248 1758 1472 1847 Aristotelea,

495 1854 715 1933 acutillimus
730 1861 782 1929 'rei
802 1854 1025 1930 dramaticae
1044 1856 1203 1943 arbiter,
1247 1852 1286 1925 in
1305 1856 1476 1952 partibus

470 1970 476 1981 '
498 1959 614 2033 choro
638 1956 931 2046 demandandis,
985 1982 1071 2029 eum
1087 1978 1125 2029 vt
1141 1960 1329 2053 egregium
1351 1981 1478 2027 exem·

497 2060 603 2161 plum
623 2058 885 2133 commendare
901 2077 980 2130 non
997 2050 1192 2129 dubitaret.
1245 2054 1383 2127 Addito
1402 2074 1474 2125 ter-

498 2166 550 2231 tio
567 2158 835 2231 interlocutore
858 2158 1112 2259 episodiorurn
1137 2161 1335 2229 nnmerum
1357 2160 1472 2245 auxit,
1514 2196 1517 2201 ·

413 2302 417 2315 =
497 2258 560 2349 led
578 2264 627 2328 ita
643 2262 836 2331 coniunxit
853 2282 890 2331 rt
905 2258 1009 2334 scena
1027 2258 1086 2330 vel
1102 2283 1183 2331 raro
1199 2257 1258 2330 vel
1275 2282 1471 2355 nunqnam

485 2368 617 2433 'vacua
635 2358 795 2459 relinqui
807 2362 853 2435 ab
870 2360 1057 2435 actoribus
1073 2356 1200 2459 pollet.
1233 2356 1359 2430 Finitis
1374 2360 1469 2455 epis-

498 2460 593 2533 odiis
612 2459 746 2531 chorus
769 2482 898 2535 cantus
920 2454 1002 2535 suos
1024 2464 1119 2549 ciet,
1167 2456 1227 2533 sed
1248 2458 1365 2530 inulto
1389 2458 1471 2529 bre⁴

497 2564 650 2645 riores,
691 2587 802 2659 quarn
822 2569 862 2633 in
880 2554 1047 2655 Aeschyli
1063 2560 1216 2649 fabulis;
1253 2565 1349 2631 inter
1365 2578 1470 2631 actus

499 2666 609 2735 etium
628 2660 788 2761 belrius,
831 2687 943 2764 quam
963 2661 1064 2779 apud
1081 2654 1320 2754 Aeschylum,
1359 2662 1469 2733 canit.

496 2762 699 2861 Nunquam
715 2770 850 2862 primas
867 2784 970 2837 tenet
983 2762 1131 2837 tabulae
1143 2782 1285 2862 partes,
1312 2782 1349 2833 vt
1362 2766 1472 2833 iuter·

498 2862 587 2935 dum
603 2865 703 2961 apud
722 2864 960 2959 Aeschylum,
988 2864 1049 2937 led
1071 2889 1151 2953 eas,
1188 2889 1280 2963 quas
1300 2867 1474 2941 Horatius

498 2962 655 3038 chorum
675 2970 768 3037 tueri
790 2964 904 3038 iubet.
982 2966 1049 3037 Illa
1069 2958 1235 3037 sensuum
1263 2962 1473 3051 sublimitas,

498 3082 571 3161 qua
586 3090 703 3161 vsque
725 3067 773 3137 ad
794 3070 921 3137 vitium
942 3060 1133 3158 Ael'clrylei
1154 3064 1258 3139 ebori
1272 3062 1473 3160 insurgunt,

498 3182 536 3234 et
548 3158 689 3234 insolita
703 3165 763 3235 illa
782 3170 894 3235 animi
910 3164 1231 3263 perturbationum
1242 3163 1475 3237 vehementia

498 3258 740 3350 desideratum
782 3264 1021 3337 humaniores
1044 3270 1156 3339 animi
1183 3285 1305 3338 motus
1331 3261 1364 3335 le
1386 3290 1474 3362 pro-

498 3360 603 3450 dunt,
630 3361 791 3437 leniores
807 3385 843 3436 et
857 3369 1020 3438 mitiores
1036 3387 1189 3466 regnant
1205 3362 1342 3453 sensum
1371 3391 1472 3438 com·

497 3482 622 3537 motus
649 3469 855 3536 arnicorum
874 3464 1022 3540 miseriis
1049 3459 1127 3541 non
1152 3462 1271 3566 replet
1294 3464 1473 3566 spectato·

497 3586 556 3635 res
576 3580 737 3650 terrore,
781 3564 841 3638 sed
862 3566 1148 3643 misericordiam
1168 3593 1298 3641 eorum
1316 3591 1473 3641 mouere

390 3754 392 3759 Ι
496 3662 626 3737 studet.
667 3668 795 3761 Quum
810 3666 911 3766 apud
927 3664 1145 3764 Aeschylum
1161 3666 1259 3741 bella
1273 3690 1310 3742 et
1322 3682 1473 3770 pugnae

496 3771 688 3837 materiam
714 3765 834 3840 laudis
864 3768 1022 3843 deorum
1053 3768 1314 3873 suppeditant,
1379 3768 1473 3845 nihil

496 3865 599 3961 apud
616 3858 847 3965 Sophoclem
868 3872 1036 3943 inuenias
1058 3874 1163 3975 quod
1178 3874 1337 3946 Martem
1353 3870 1470 3961 sonet,

496 3982 560 4035 aut
580 3966 734 4040 militem
748 3968 946 4068 loquatur:
977 3969 1218 4049 iucundiores
1235 3978 1413 4073 imagines
1434 3990 1473 4045 et

494 4075 672 4163 gratiores
698 4068 843 4146 colores
869 4079 1077 4149 orationem
1102 4094 1285 4153 exornant
1300 4079 1347 4167 *).
1399 4076 1453 4145 Mr

1406 4190 1472 4243 rus

495 4490 501 4502 .
537 4434 575 4524 b)
581 4454 624 4609 ἔ
635 4428 793 4591 31¹5l¹eereu
812 4434 833 4505 l.
858 4463 886 4507 c.
912 4450 946 4508 et
967 4442 1090 4510 Daceo.
1114 4436 1158 4510 td
1179 4434 1346 4507 Aristotel·
1369 4440 1466 4507 Poet.

531 4688 563 4781 ⁴)
585 4690 627 4758 cf.
645 4692 771 4760 Comit.
785 4710 801 4755 a
816 4688 984 4787 stollbug
997 4634 1151 4789 in'prnefi
1163 4692 1208 4761 nd
1221 4624 1315 4769 Vsus.
1328 4690 1467 4786 Sopocl.

580 4778 696 4847 Germ.
706 4774 836 4868 p-XlX.
966 4884 970 4895 Ι
