3909 5792
954 562 1152 585 m

955 588 1150 606 υ-ῌΟ

564 584 636 633 212

561 772 613 839 ita
633 757 758 832 facere
779 756 1064 848 consueuerint,
1110 768 1150 831 et
1172 749 1275 857 qnasi
1297 756 1551 861 negligentiae

443 872 447 879 '
562 884 693 939 uotam
712 860 783 933 hac
800 884 841 933 re
857 858 923 931 fibi
945 864 1215 948 contraxerint,
1243 884 1325 933 non
1342 862 1412 952 est,
1439 865 1550 965 quod

562 986 794 1062 magnopere
815 966 1011 1034 miremur:
1053 967 1136 1062 quis
1159 965 1261 1033 enirn
1286 961 1421 1053 nescit,
1462 965 1550 1041 scri-

564 1087 711 1169 ptores,
732 1064 798 1162 qui
816 1060 875 1135 vel
893 1060 959 1179 ips
970 1062 1019 1135 ad
1042 1062 1302 1164 'prodigiorum
1329 1064 1446 1139 sideru
1461 1094 1552 1167 pro-

565 1162 752 1269 pensiores
772 1161 932 1253 suerint,
958 1164 1018 1239 vel
1036 1170 1076 1236 iu
1094 1160 1240 1265 p'opulo
1259 1216 1268 1249 ,
1314 1163 1391 1239 hoc
1405 1168 1545 1243 morbo

563 1268 780 1353 laborante,
807 1268 984 1354 vixerint,
1021 1290 1066 1337 ea
1092 1285 1235 1337 tanturn
1251 1262 1369 1338 solere
1388 1266 1544 1361 referre,

566 1392 665 1470 quae
682 1364 850 1465 prodigia
864 1363 924 1436 vel
937 1384 1099 1464 augeant
1114 1365 1173 1438 vel
1189 1362 1389 1457 illustreut;
1438 1394 1544 1468 quae

563 1494 654 1543 vcro
674 1464 841 1537 habitum
852 1470 905 1537 rei
920 1460 1172 1566 prodigiosum
1182 1464 1444 1559 subtraherent,
1472 1490 1541 1543 aut

566 1586 667 1647 certe
683 1570 918 1658 minuerent,
968 1586 1085 1667 quum
1105 1592 1172 1640 eos
1191 1564 1293 1667 quast
1311 1565 1440 1667 religio
1473 1566 1540 1641 ali·

566 1698 640 1772 qna
671 1685 814 1754 teneat,
854 1675 900 1738 ea
930 1686 1039 1742 caute
1072 1666 1269 1741 omittere?
1344 1672 1441 1769 Ergo
1457 1672 1541 1745 dari

563 1767 689 1874 pollit,
715 1772 755 1839 iu
776 1766 930 1866 planitie
952 1767 1190 1844 Gibeonitictt
1207 1766 1298 1842 talea
1312 1796 1466 1873 campos
1488 1770 1542 1843 la·

565 1874 698 1974 pideos
726 1868 828 1940 l'uille
845 1924 867 1959 ,Ι
886 1875 951 1969 qui
967 1892 1121 1943 naturae
1142 1870 1191 1943 ad
1219 1870 1294 1945 hoc
1317 1872 1543 1948 miraculum

564 1970 851 2075 producendum
868 1969 992 2044 ausam
1008 1970 1258 2071 praebuerint.
1306 1980 1355 2047 At
1370 1974 1471 2047 enim
1479 2000 1542 2048 ve·

563 2102 630 2163 ro,
658 2098 707 2145 ne
728 2070 820 2171 quid
847 2071 1096 2163 dissimulem,
1139 2079 1295 2173 pronior
1313 2100 1383 2175 ego
1401 2074 1479 2149 sum
1500 2080 1543 2151 in

564 2202 648 2250 enm
661 2172 896 2263 sententiam,
922 2195 960 2246 vt
978 2174 1027 2247 ad
1041 2176 1185 2248 tertiam
1198 2172 1363 2261 classem,
1386 2176 1464 2251 hoc
1478 2176 1541 2270 est,

563 2277 743 2362 adeam,
783 2280 888 2347 cuins
921 2276 1099 2349 miracula
1129 2282 1348 2351 narrationis
1387 2304 1539 2377 genere,

562 2398 600 2453 et
608 2384 760 2465 unnim,
788 2380 916 2477 quiea
939 2376 1204 2469 celeberarint,
1236 2383 1387 2477 ingenio
1409 2380 1540 2455 viuido

562 2499 676 2581 atque
692 2476 848 2551 ardente
864 2478 912 2549 ad
928 2496 1068 2551 tantam
1081 2479 1375 2579 magnitudinem
1395 2500 1433 2555 et
1444 2482 1541 2556 inso-

559 2580 712 2655 lentiam
727 2582 923 2669 creuerint,
939 2578 1034 2652 illud
1049 2578 1192 2655 sactum
1205 2580 1396 2655 reseratur.
1414 2582 1538 2657 Gran-

561 2680 694 2756 doluit
713 2679 899 2769 naturalis,
914 2699 952 2753 at
964 2680 1070 2755 solito
1083 2682 1351 2774 vehementior,
1367 2702 1404 2757 et
1419 2690 1540 2782 graui-

560 2810 626 2869 or;
654 2782 829 2853 nimirum
853 2786 961 2855 tantis
980 2782 1110 2882 glaciei
1130 2781 1247 2856 frustis
1261 2784 1467 2879 inhorruit,
1485 2808 1537 2861 .vt

558 2883 699 2973 hostes,
726 2907 771 2954 ea
784 2878 962 2981 perculsi,
987 2883 1049 2956 alii
1070 2884 1349 2977 occiderentur,
1377 2886 1438 2959 alii
1455 2886 1537 2963 rul-

558 3004 799 3071 nerarentur;
862 2982 991 3083 quales
1020 2984 1217 3083 grandines
1252 2984 1382 3061 nostris
1420 2992 1538 3065 etiarn

557 3086 790 3185 temporibus
808 3090 847 3157 in
868 3090 977 3161 variis
997 3086 1221 3159 Gerruaniae
1241 3088 1457 3185 regionibus
1477 3096 1535 3165 in·

558 3186 705 3277 cidill'e,
726 3186 912 3259 narrando
930 3192 1157 3288 accepimus.
1208 3190 1370 3264 Aurero
1394 3196 1536 3269 nrirunt

557 3286 625 3375 est,
653 3314 770 3387 quum
795 3308 899 3361 tauto
918 3286 1006 3361 esset
1026 3314 1071 3362 ea
1086 3287 1330 3364 israelitarum
1346 3284 1457 3366 rebus
1474 3294 1532 3379 so-

555 3388 670 3477 latio,
705 3393 757 3460 ita
773 3388 922 3463 incensa
945 3386 1017 3465 else
1033 3396 1259 3491 cogitatione
1285 3398 1364 3466 eins
1388 3414 1531 3487 vatum,

496 3476 504 3503 ⁸
554 3487 750 3562 hominum
786 3490 966 3565 mollioris
990 3511 1145 3567 natiuae
1164 3512 1203 3565 et
1227 3498 1378 3568 acrioris
1397 3494 1530 3591 sensus,

552 3609 728 3691 pectora,
748 3611 810 3683 vt,
838 3618 955 3694 quum
981 3618 1062 3666 rem
1084 3614 1296 3681 narrarent,
1326 3594 1562 3675 verborurn'

553 3713 704 3781 ornatu,
743 3718 821 3793 quo
849 3693 1038 3769 crescente
1060 3691 1247 3771 crescebat
1265 3694 1371 3769 simul
1396 3704 1548 3775 verita.

552 3796 597 3864 tis
616 3800 669 3866 rei
684 3792 887 3893 persuasio,
923 3821 971 3868 eo
993 3819 1076 3869 eam
1095 3796 1365 3897 perducerent,
1400 3821 1440 3872 vt
1459 3808 1529 3874 nri-

549 3896 666 3967 raculi
691 3893 888 3993 splendore
910 3896 1030 3970 seusus
1058 3894 1325 3997 perstringeret.
1379 3900 1528 3977 Glaciei

548 3990 659 4069 frusta
687 4000 724 4067 in
762 3996 904 4096 lapides
930 3996 1033 4070 haud
1058 3996 1288 4097 spernendae
1340 4009 1526 4101 magnitu-

548 4094 645 4171 dinis
670 4094 965 4193 degenerabant3
1011 4097 1217 4173 occisorum
1243 4100 1430 4177 crescebat
1454 4131 1525 4181 nu·

539 4218 684 4287 merus,
712 4194 836 4295 plures
854 4198 1013 4275 hostium
1038 4198 1207 4303 lapidant
1217 4204 1318 4277 iactu
1334 4205 1524 4304 peribant,

810 4340 812 4345 ·
1405 4332 1524 4405 quam
