3909 5792
587 568 636 647 56
832 574 1297 723 ··’···“···“’ἰ

475 828 483 851 ,
583 775 748 847 minutus
771 769 820 847 est
843 797 1044 861 numeuts,
1081 790 1128 843 et
1150 769 1205 845 ad·
1220 754 1437 870 quindecim
1458 771 1564 847 reda·

585 892 678 947 ctus.
730 876 796 947 His
811 894 982 975 praeerat
993 880 1175 978 Κορυφαῖος
1188 872 1207 943 l
1211 878 1236 962 )‚
1263 871 1322 961 (h.
1334 898 1367 945 e.
1382 872 1563 969 Praefitl,

583 972 839 1069 Praestdtor‚
878 996 917 1048 vt
936 972 1072 1073 gloffae
1096 973 1530 1149 autiquaeredduntlt}
1553 1080 1562 1095 ι

1486 1105 1499 1148 ι
1526 1104 1565 1149 ur

835 614 841 645 ,
974 610 1166 627 ....-.--.

585 1074 744 1149 chorum
763 1076 919 1150 duceret
933 1082 969 1150 et
986 1095 1116 1151 cantus
1130 1077 1309 1175 praeiret,
1340 1093 1378 1145 et
1391 1074 1487 1149 chor

583 1180 740 1250 nomine
758 1176 954 1277 personam
969 1195 1095 1277 ageret
1109 1180 1267 1248 actionis
1289 1172 1565 1346 regraeseutan·

584 1276 656 1349 dae
678 1282 810 1376 pertici
840 1304 912 1353 em.
998 1282 1034 1350 Is
1085 1281 1247 1349 reximus
1280 1272 1330 1347 sta
1356 1294 1395 1349 at
1416 1277 1565 1376 prosce-
1636 1334 1640 1343 .

519 1396 524 1405 ’
584 1383 649 1450 nio
666 1384 730 1473 m),
749 1400 787 1453 et
814 1377 944 1454 ortalle
961 1384 1000 1451 in
1015 1303 1095 1476 iplo
1107 1375 1327 1475 proscenio,
1335 1400 1413 1475 quo
1431 1377 1564 1451 elatior

584 1476 672 1553 ellet
690 1480 842 1580 reliquis
858 1481 963 1554 chori
977 1475 1143 1578 personis
1164 1482 1203 1548 in
1220 1470 1354 1587 Suue‘hq
1370 1483 1432 1573 u),
1463 1476 1564 1552 etsie

582 1577 728 1655 facilius
755 1581 910 1653 haberet
935 1606 1022 1653 eum
1050 1574 1285 1649 histrionibus
1315 1575 1561 1677 colloquium.

584 1682 662 1775 Qui
681 1707 799 1781 quum
815 1680 875 1752 lua
892 1678 1048 1779 persona
1068 1676 1203 1779 reliqui
1227 1675 1331 1751 chori
1344 1681 1443 1752 vices
1458 1677 1561 1751 lusti·

583 1800 711 1871 neret,
755 1800 934 1881 tanquam
955 1784 1009 1869 is,
1050 1782 1111 1851 cui
1127 1803 1174 1851 ex
1185 1776 1348 1851 adstante
1363 1775 1561 1853 hominum

582 1882 821 1959 multitudine
845 1886 1001 1956 oratoris
1020 1898 1145 1981 partes
1163 1876 1409 1957 demandatae
1422 1878 1559 2055 ellerht:

735 2024 739 2035 ’
976 2022 980 2029 ·
1037 2004 1043 2017 ’
1448 2007 1451 2012 ’
1533 2001 1560 2075 ἲν

623 2248 660 2337 l)
683 2247 727 2315 id.
748 2247 771 2316 l.
793 2270 820 2314 c.

626 2402 677 2489 m)
696 2398 911 2467 Proscenium
927 2383 1161 2553 (πᾶοσκῆνιον)
1179 2414 1252 2465 arat
1267 2421 1344 2489 pars
1358 2399 1477 2467 leenae
1488 2400 1563 2468 alti.

669 2488 789 2555 tudine
802 2486 916 2552 decern
931 2509 973 2574 pe
999 2508 1055 2551 um
1067 2484 1267 2553 orchestram
1281 2486 1357 2561 exlu
1382 2511 1490 2573 arans,
1505 2490 1563 2557 vbi

669 2573 845 2639 histriones
862 2588 971 2661 partes
984 2558 1060 2638 luas
1072 2566 1237 2661 agebant,
1270 2594 1300 2639 v.
1310 2511 1395 2641 Poll.
1408 2574 1464 2655 lV,
1488 2581 1559 2645 123.
1652 2656 1657 2665 ¹

668 2657 1101 2747 Nonpollsedantevelurn
1114 2674 1203 2739 erat,
1249 2662 1561 2749 ineafereregione

670 2745 814 2823 theatri,
855 2768 955 2836 quarn
983 2744 1074 2833 apud
1094 2767 1158 2811 nos
1178 2743 1291 2811 rnulici
1314 2768 1399 2811 occu
1424 2763 1492 2811 ant.
1517 2747 1559 2813 cf.

524 2874 528 2881 -
635 2849 637 2853 ·
670 2827 818 2918 Buleng:
831 2831 874 2897 de
888 2832 1050 2895 Theatro.
1082 2845 1116 2893 et
1126 2830 1294 2895 Discours
1308 2835 1376 2919 sur
1395 2770 1563 2920 lhforme

673 2934 710 2979 ec
729 2919 765 2979 la
785 2916 1019 2999 construction.
1040 2915 1090 2981 du
1106 2916 1256 2997 Theatra
1268 2916 1505 2987 desAnct‘ens.
1527 2945 1561 3011 p.
1580 2954 1583 2960 ·

668 2998 718 3066 M.
730 3004 892 3087 B0indin,
911 3008 946 3069 in
959 3004 1064 3069 Mem.
1078 3001 1136 3068 des
1147 3001 1247 3070 Inscr.
1259 3004 1302 3074 T.
1312 3004 1337 3069 l.
1352 3028 1386 3095 p.
1404 3007 1475 3094 176.

556 3194 561 3201 -
625 3162 665 3251 ῃ)
685 3138 818 3237 Supina
834 3156 869 3218 in
888 3152 1075 3222 orchestrae
1095 3152 1235 3246 planitie
1256 3156 1418 3222 exstructa
1440 3157 1564 3223 eratin

669 3239 780 3307 altaris
793 3241 1013 3333 quadranguli
1028 3244 1193 3320 formam,
1217 3254 1293 3313 curn
1308 3242 1487 3332 proscenio
1503 3265 1566 3307 co«
1645 3232 1650 3255 ‘

668 3326 829 3409 haerens,
854 3327 1032 3394 altitudine
1046 3347 1157 3396 tamen
1171 3330 1254 3395 illud
1266 3353 1341 3395 non
1353 3328 1452 3418 plane
1466 3351 1562 3409 exae-

671 3437 796 3503 quans;
828 3418 888 3505 qui
902 3413 1019 3484 locus,
1052 3420 1090 3481 in
1102 3440 1204 3500 quem
1244 3440 1280 3481 er
1292 3416 1423 3507 aliquot
1438 3414 1563 3506 gradus

669 3524 708 3565 ex
721 3500 897 3590 proscenio
911 3500 1202 3585 descendebatur,
1213 3440 1341 3567 dicatus
1354 3518 1425 3569 erat
1438 3503 1575 3581 choris„

602 3642 604 3647 .
669 3586 869 3675 Occupabat
884 3604 995 3653 autern
1012 3592 1146 3655 tertiam
1163 3588 1349 3655 latitudinis
1388 3604 1494 3653 artem
1505 3604 1563 3653 to-

670 3675 738 3739 tius
759 3674 948 3740 orchesteae
974 3677 1032 3763 (in
1053 3676 1172 3742 nustria
1199 3676 1337 3741 theatris
1360 3612 1560 3762 l'arterre),

696 3782 759 3823 uae
770 3806 782 3840 ,
841 3784 920 3825 uum
933 3766 1083 3825 veterum
1096 3762 1226 3827 theatra
1241 3760 1362 3826 latiora
1380 3760 1483 3826 ellent
1496 3782 1561 3825 no·

670 3784 762 3921 dria,
798 3784 840 3911 ad
853 3862 989 3911 centurn
1002 3847 1074 3912 fere
1090 3848 1193 3936 pedro
1207 3846 1339 3913 extensa
1355 3862 1437 3913 erat.
1472 3846 1561 3913 Cum

669 3934 807 4033 θυμέλη
820 3951 1042 4015 coniunctum
1063 3966 1133 4015 erat
1154 3952 1195 4017 ab
1209 3968 1284 4018 vtro
1311 3974 1353 4017 ue
1371 3949 1476 4015 latare
1495 3950 1559 4037 hy·

670 4026 887 4127 poscen'ium,
922 4036 1017 4101 chori
1034 4034 1177 4103 statione
1198 3974 1373 4121 hdmihus,
1406 4038 1577 4129 quinque

668 4122 773 4215 pedes
799 4122 897 4213 lupar
926 4122 1113 4189 orchestrae
1137 4130 1368 4213 pauimentum
1386 4123 1558 4202 eminens,

671 4230 762 4297 vnde
783 4226 886 4293 scalae
907 4225 1037 4317 aliquot
1051 4227 1209 4316 gradibus
1225 4228 1381 4295 terebant
1393 4226 1438 4293 ad
1454 4210 1561 4309 &tpi-

610 4382 613 4389 ·
669 4332 752 4419 ληνξ
777 4333 824 4400 ibi
837 4332 990 4401 fidicines
1005 4348 1040 4401 et
1055 4333 1210 4400 tibicines
1225 4332 1365 4431 stabant.
1386 4352 1419 4403 v.
1430 4326 1465 4397 ll.
1481 4352 1530 4397 cc.
