3909 5792
681 956 909 1027 Teutonum
926 970 963 1023 et
987 948 1223 1023 Ambronum
1239 955 1367 1050 copias
1385 949 1434 1022 ad
1445 950 1682 1049 AquasSex·

684 1061 759 1130 tias
778 1052 928 1143 deleuit,
955 1046 1093 1125 etcum
1109 1050 1245 1124 Catulo
1258 1050 1482 1153 proconsule
1495 1049 1683 1126 Cimbros

685 1157 741 1231 'ad
766 1154 953 1231 Vercellas
985 1150 1161 1227 concidit.
1232 1156 1402 1244 interim,
1437 1148 1502 1224 nisi
1530 1151 1683 1250 gloriae

687 1259 898 1359 cupiditas,
943 1280 1017 1356 qna
1042 1256 1203 1328 Romani
1229 1259 1389 1328 maxime
1421 1252 1682 1347 ducebantur,

688 1380 729 1434 et
743 1383 816 1461 qua
830 1356 973 1429 laudari
991 1374 1029 1428 et
1041 1353 1247 1455 praedicari
1256 1355 1305 1429 dc
1320 1355 1356 1429 se
1371 1352 1564 1445 volebant,
1582 1382 1682 1457 quo-

684 1459 896 1535 dammodo
914 1456 1133 1557 sponderet,
1159 1482 1240 1531 non
1256 1455 1380 1533 clades
1398 1455 1602 1530 aCimbris
1619 1484 1682 1535 ac·

569 1625 575 1641 .
686 1578 820 1664 'captas
853 1559 1058 1636 celebratas
1085 1555 1175 1647 esse,
1219 1556 1281 1632 sed
1307 1560 1479 1633 victorias
1502 1582 1528 1629 a
1548 1560 1683 1633 Mario

692 1671 850 1766 eiusque
875 1659 1018 1757 collega
1049 1658 1184 1731 Catulo
1208 1680 1437 1761 reportatas,
1484 1657 1684 1759 praesumi

686 1774 818 1851 {tamen
836 1761 875 1834 id
895 1758 1015 1933 posset
1038 1786 1107 1860 per
1132 1765 1308 1852 nimiam,
1358 1786 1474 1863 quam
1502 1784 1682 1854 cannen,

690 1887 815 1957 toturn
844 1862 987 1934 belum
1022 1862 1298 1964 complectens,
1358 1874 1559 1938 nacturum
1581 1858 1684 1939 fuis-

690 1965 762 2059 set,
789 1962 1097 2066 magnitudinem.

792 2170 889 2242 Nam
907 2184 1091 2266 qnantum
1103 2168 1281 2239 materiae
1295 2161 1550 2267 praebuissent
1577 2170 1681 2244 Cirn-

686 2269 847 2346 brorum
871 2291 1035 2357 errores,
1092 2286 1131 2339 et
1160 2293 1278 2369 quum
1305 2292 1424 2340 nouas
1455 2266 1562 2343 sedes
1592 2291 1680 2346 toto

692 2371 787 2449 orba
819 2368 1059 2473 quaererent!
1110 2370 1235 2465 Quam
1258 2367 1383 2468 ampla
1405 2366 1532 2442 sutura
1553 2369 1680 2448 suisset

691 2498 843 2578 pugnae
868 2468 1067 2571 descriptio
1094 2494 1180 2543 cum
1216 2472 1284 2544 Cn.
1308 2472 1458 2570 Papirio
1493 2471 1679 2548 Carbone

645 2628 648 2635 -
685 2575 797 2678 'apud
813 2574 990 2646 Noreiam
1005 2598 1039 2643 a.
1062 2572 1107 2647 V.
1136 2574 1178 2644 C.
1199 2573 1284 2654 641.
1313 2591 1351 2644 et
1371 2568 1482 2745 suffiae
1499 2570 1679 2648 Consulis

684 2686 781 2753 'cum
811 2680 1066 2747 Rornanorum
1097 2670 1223 2745 clade!
1265 2676 1371 2768 Quot
1393 2673 1419 2745 li
1448 2698 1508 2747 ros
1530 2674 1679 2776 expleri

691 2774 839 2852 necesse
863 2772 1002 2865 suisset,
1037 2769 1063 2845 sl
1096 2772 1375 2874 depingendum
1405 2772 1582 2875 putasset,
1636 2796 1678 2851 vt

686 2877 840 2952 barbari
861 2875 1071 2948 llelnetiarn
1094 2872 1347 2967 mundassent,
1405 2896 1442 2950 et
1461 2876 1603 2951 adscitis
1630 2882 1676 2953 in

685 2980 907 3056 'societatem
935 2979 1143 3075 Tigurinis,
1178 2974 1338 3050 Galliam
1361 2976 1498 3052 vastare
1517 2984 1677 3077 coepis-

690 3082 772 3159 sent
792 3103 846 3152 τε.
864 3082 908 3152 V.
933 3080 976 3152 C.
997 3082 1125 3172 642.);
1152 3078 1308 3168 deinde,
1336 3105 1453 3179 quum
1466 3084 1506 3153 in
1521 3079 1677 3156 Italiam

689 3178 963 3276 semiprassent,
992 3198 1094 3253 etro
1119 3176 1251 3272 assent,
1276 3198 1317 3253 vt
1331 3184 1485 3255 Martius
1501 3180 1674 3283 populus

689 3282 757 3359 sibi
774 3280 913 3382 aliquid
940 3298 1060 3351 terrae
1083 3206 1205 3370 daret,
1248 3300 1303 3373 et,
1338 3287 1526 3384 quianon
1553 3288 1674 3384 impe-

688 3382 857 3471 trassent,
892 3382 944 3452 M.
977 3384 1127 3454 Iunium
1158 3380 1326 3456 Silanum
1352 3382 1460 3459 Cous.
1490 3412 1522 3457 a.
1559 3387 1606 3462 V.
1624 3388 1671 3458 C.

689 3488 777 3572 645.
807 3502 844 3558 et
869 3480 1046 3582 sequente
1064 3486 1116 3555 M.
1148 3485 1340 3558 Aurelium
1360 3486 1543 3560 Scaurum
1566 3492 1672 3588 peni·

687 3606 749 3663 tus
776 3580 1157 3680 sudiffentlQualem
1183 3612 1265 3661 cam
1294 3612 1357 3659 um
1378 3593 1418 3660 in
1449 3587 1499 3660 de
1514 3593 1672 3689 criptio·

686 3715 757 3764 nes
773 3706 812 3761 et
829 3688 1051 3759 variationes
1066 3712 1247 3761 excurren
1276 3692 1306 3778 i,
1333 3687 1507 3763 fortunae
1529 3689 1672 3763 machi·

687 3794 861 3864 nationes
884 3783 1113 3879 insinuandi,
1165 3814 1313 3862 morum
1347 3788 1576 3864 diuersitates
1605 3816 1673 3864 no·

687 3892 793 3963 tandi
811 3912 924 3991 poeta
945 3888 1010 3962 fibi
1033 3891 1238 3991 aperuisset,
1266 3889 1291 3963 fi
1315 3919 1466 3965 narrare
1487 3890 1671 3981 voluisset,

686 4010 728 4062 vt
740 3994 908 4085 Tigurini
923 3992 1086 4065 Heluetii
1095 3998 1135 4065 L.
1157 3990 1315 4067 Caffium
1333 3999 1546 4092 Longinum
1557 3990 1669 4068 Cous.

688 4101 746 4177 (a.
767 4094 811 4164 V.
829 4094 870 4165 G.
898 4096 1007 4190 6²⁴7st
1036 4120 1122 4167 cum
1150 4101 1315 4170 exercitu
1331 4095 1569 4184 delenissent,
1597 4098 1671 4168 Ro·

687 4214 899 4294 manosque
934 4194 983 4265 ad
1019 4213 1179 4294 turpem.
1196 4203 1412 4296 pactionem
1443 4194 1670 4294 adegislcnt3

685 4297 729 4369 in
745 4314 901 4396 quantas
918 4294 1143 4367 calamitates
1164 4300 1212 4393 Q.
1241 4302 1439 4397 Caepionis
1460 4302 1619 4374 avaritia
1636 4316 1673 4371 et

687 4392 975 4500 sacrilegum-in
996 4395 1138 4502 templo
1164 4398 1356 4523 Tplosano
1374 4396 1614 4477 commissum
1613 4418 1674 4573 dpt

850 4538 856 4551 ·
1583 4527 1610 4573 o
1651 4525 1672 4571 a
