3909 5792
906 746 1117 811 Q...

616 968 733 1042 Haec
781 956 927 1061 fludio
988 955 1307 1054 adolescentiam
1353 981 1494 1064 agunt.

514 1066 808 1163 Hoecstudio,
847 1062 922 1139 scil.
948 1057 1065 1135 studia
1096 1060 1354 1153 humanitatis,
1376 1090 1496 1164 oppo-

515 1188 658 1245 nuntur
677 1175 816 1257 ceteris
833 1169 963 1238 animi
978 1162 1302 1257 aduersionibus‚
1329 1164 1366 1237 h.
1384 1191 1417 1237 e.
1436 1185 1496 1239 ee-

515 1275 601 1344 teris
621 1268 755 1343 studiis.
784 1284 912 1369 agunt
934 1262 1076 1337 habent
1102 1288 1233 1339 omnes
1251 1264 1330 1339 ΜΠ.
1351 1286 1388 1339 et
1405 1266 1493 1339 edd.

515 1375 718 1473 principes.
769 1373 811 1443 P.
847 1369 1055 1455 Victorius,
1089 1364 1176 1439 teste
1203 1365 1389 1457 Ernestio,
1421 1371 1496 1467 pri·
1542 1362 1562 1405 ’-

514 1498 599 1545 mus
620 1470 736 1544 edidit
753 1471 884 1543 alunt.
938 1464 1144 1555 Ernestius,
1172 1473 1297 1567 quiin
1322 1489 1413 1542 nota
1438 1468 1496 1540 di·

519 1578 587 1663 cit,
608 1572 720 1672 vulgo
737 1582 868 1674 egeant
887 1594 967 1642 non
986 1566 1084 1639 bene
1102 1569 1297 1669 explicari,
1323 1567 1494 1643 inClaue
1525 1576 1531 1595 ¹

519 1678 600 1749 Cic.
635 1674 815 1774 explicat:
837 1670 1036 1769 subigunt
1050 1719 1066 1748 ,
1105 1674 1258 1742 eruunt
1290 1675 1496 1771 ingenium

517 1773 834 1871 adolffcentium
845 1802 860 1861 ;
882 1771 994 1873 quod
1018 1787 1058 1841 et
1077 1767 1178 1843 alere
1197 1772 1368 1858 (licitum
1393 1773 1496 1843 vnde
1569 1788 1579 1813 ·“

519 1878 660 1948 eodem
670 1875 791 1972 ¹[irrisu
804 1877 954 1975 legitur
971 1876 1015 1943 in
1039 1871 1131 1942 edd.
1148 1872 1351 1943 nonnullis
1362 1873 1498 1943 olunt.-

517 1980 619 2051 Num
648 1977 743 2050 haec
767 1976 901 2048 melior
937 1970 981 2045 fit
1009 1994 1054 2044 ex
1083 1970 1226 2063 licatio,
1274 1968 1335 2044 alii
1364 1971 1499 2045 diiudi⁴

520 2095 619 2151 cent.
670 2078 711 2149 Si
740 2077 854 2148 alere
879 2072 1016 2147 eodem
1042 1999 1144 2144 ssnsu
1171 2073 1326 2163 dicitur,
1363 2073 1498 2173 quidni

519 2178 642 2249 olunt
658 2176 841 2264 scribitur,
870 2172 975 2274 quod
997 2170 1141 2244 facilius
1163 2171 1223 2245 est.
1273 2172 1419 2247 Dubito
1433 2200 1497 2245 uu·

518 2296 615 2367 tem,
642 2305 766 2379 ogere
780 2275 988 2349 adhibitum
1004 2271 1143 2346 uh‘cubi
1160 2271 1231 2347 elle
1246 2300 1315 2372 pro
1333 2298 1496 2356 ocreere,¹

507 2378 711 2481 subigere.
746 2380 885 2478 Agere
908 2374 1226 2472 adolescentiam
1245 2374 1292 2448 est
1311 2382 1355 2446 in
1370 2381 1498 2449 actio-
1610 2450 1616 2471 ,

519 2507 572 2552 ne
583 2486 753 2579 ponere,
777 2504 992 2576 occupare,
1012 2476 1072 2547 ad
1083 2477 1287 2576 agendum
1303 2482 1497 2566 excitare,

520 2605 707 2653 exercere
731 2577 1082 2679 (beschostigen);
1107 2574 1202 2649 haec
1224 2576 1499 2653 adolescentiae

516 2676 723 2778 'occupatio
755 2683 964 2781 opponitur
1003 2675 1246 2752 oblectationi
1287 2677 1497 2769 senectutis,

518 2779 611 2853 ficut
628 2800 851 2854 ornamento
877 2804 1003 2854 rerum
1024 2776 1269 2853 secundarum
1283 2778 1500 2881 perfugium

519 2901 559 2954 et
575 2880 741 2954 solatium
755 2890 795 2955 in
821 2876 982 2954 aduersrs
1006 2884 1225 2981 opponitur.
1251 2880 1407 2981 Saepius
1419 2882 1500 2957 hoo

517 2980 622 3056 sensu
640 2986 804 3056 occurrit
821 2987 997 3083 agitare.
1047 2984 1175 3054 Liuius
1188 2982 1307 3072 XXII,
1327 2983 1383 3056 13.
1407 2978 1508 3057 con?

502 3082 710 3187 stantiam
725 3083 839 3155 houd
852 3084 1166 3183 dum'eaepertus,
1189 3087 1327 3182 agitare
1345 3082 1399 3158 αὶ*
1414 3103 1501 3158 ten·

518 3202 612 3259 tare
640 3188 808 3257 animum
839 3187 1041 3257 mouendo
1071 3182 1210 3257 crebro
1237 3180 1395 3281 oestro,
1423 3212 1500 3286 po·

510 3286 780 3389 pulondoque
801 3291 845 3358 in
875 3285 1002 3359 oculis
1036 3289 1117 3357 eins
1145 3309 1266 3385 agros
1289 3285 1499 3381 sociorum

519 3388 662 3485 eoepit.
731 3385 888 3461 Illustrat
927 3385 1092 3460 nostrum
1113 3384 1242 3460 locum
1265 3386 1455 3462 Senecae
1484 3438 1497 3459 .

522 3487 605 3558 108.
627 3510 666 3585 p.
701 3514 752 3560 m.
775 3487 861 3585 765.
887 3485 1003 3588 'lquio
1028 3492 1188 3559 iuuenes
1208 3483 1407 3587 poffumus
1438 3413 1499 3561 ‹ss-

477 3614 483 3633 .-
504 3582 648 3684 scm,
662 3584 1055 3756 [sqffumusfacilem
1072 3593 1275 3666 animum,
1299 3606 1340 3661 et
1360 3588 1499 3663 adhue

688 3716 700 3758 t

518 3704 657 3758 tracta
697 3688 805 3769 lem,
833 3693 893 3763 od
915 3691 1086 3764 meliora
1113 3705 1347 3763 conuertere
1353 3718 1368 3776 ,·
1399 3694 1498 3792 quia

515 3786 595 3859 hoc
613 3805 765 3888 tempus
783 3792 972 3865 idoneum
991 3793 1045 3892 est
1063 3788 1285 3866 laboribus,
1311 3788 1497 3867 idoneum

515 3890 697 3987 agitandis
725 3914 795 3991 per
821 3891 937 3965 studia
971 3893 1151 3993 ingeniis,
1199 3905 1241 3960 et
1267 3894 1500 3978 exercendis

508 4012 587 4088 per
606 4014 732 4086 opero
761 3991 1002 4090 corporibus.

1371 4390 1494 4497 cap.
