3909 5792
458 2398 547 2444 uum
575 2372 668 2463 ulia,
694 2392 754 2461 ut,
783 2369 888 2473 quod
915 2367 1084 2470 suspicari
1107 2368 1216 2457 licet,
1242 2390 1348 2467 putu·

481 2472 687 2549 stautiffima
737 2474 969 2549 Graecorum
1016 2470 1172 2573 poeseos
1216 2494 1348 2541 monu-

371 2594 498 2647 menta
510 2622 524 2664 ,-
545 2578 584 2647 in
610 2600 708 2677 quae
736 2576 914 2671 temporis
940 2576 1073 2645 iniuria
1097 2570 1240 2659 saeuit,
1267 2578 1349 2643 iure

372 2672 585 2771 lugeamus:
639 2694 764 2748 tamen
793 2671 884 2749 nihil
924 2673 994 2764 est,
1033 2677 1138 2749 cuius
1169 2678 1350 2747 iacturam

373 2778 538 2873 iniquius
583 2772 681 2849 serre
733 2774 869 2848 debeat
914 2772 1101 2847 bonarum
1144 2774 1351 2847 litterarum

373 2879 574 2977 omnisque
598 2876 835 2949 humanitatis
858 2874 1000 2965 cultor,
1041 2900 1154 2975 quum
1175 2877 1349 2948 carminib
1398 2928 1402 2941 .

373 2974 539 3075 elegiaci.
617 2975 822 3067 Tibullus,
872 2976 1116 3077 Propertius,
1168 2972 1348 3065 Catullus,

402 3096 514 3149 uantu
530 3076 632 3177 apud
659 3082 852 3153 Romanos
876 3080 1048 3151 uomina!
1072 3098 1110 3148 ut
1137 3104 1251 3179 qmuu
1274 3076 1353 3149 luu-

373 3102 482 3267 iem,
528 3204 642 3278 quam
664 3204 777 3253 nemo
804 3197 916 3277 negat
933 3176 1005 3251 elle
1032 3182 1249 3265 maximum,
1275 3176 1353 3251 hoc

373 3283 413 3352 in
431 3303 569 3377 genere
587 3300 797 3371 merentur,
826 3278 982 3353 eihand
1006 3278 1101 3367 scio,
1136 3278 1162 3351 fi
1188 3280 1353 3353 Graeco·

373 3405 457 3452 rum
482 3404 599 3480 opera
627 3387 857 3455 conuiuente
882 3377 1033 3453 fortuna
1054 3379 1102 3453 ud
1128 3406 1198 3453 uos
1220 3402 1353 3481 perue-

373 3478 526 3571 uillent,
563 3506 611 3553 an
633 3480 771 3555 horum
798 3482 898 3555 fama
922 3500 1037 3583 atque
1061 3482 1233 3554 nobilitas
1258 3504 1353 3553 uon·

372 3580 467 3654 nihil
495 3578 673 3657 officeret.
739 3586 980 3685 Quamquam
1014 3586 1114 3655 euim
1137 3582 1249 3655 habet
1278 3582 1353 3653 Ro·

264 3752 267 3767 ,
373 3708 571 3756 manorum
610 3682 753 3785 elegia,
807 3684 914 3787 quod
947 3686 1100 3759 Graecis
1153 3702 1354 3783 acceptum

373 3808 453 3857 non
472 3782 565 3872 fert;
591 3784 636 3859 id·
653 3806 778 3859 tumen
798 3792 849 3861 ita
876 3806 1132 3885 comparatum
1156 3786 1223 3873 eii,
1253 3804 1299 3871 vt,
1326 3780 1354 3856 li

403 3884 468 3958 uid
496 3886 644 3975 iudico,
692 3888 823 3962 melius
855 3912 902 3962 eo
935 3907 1089 3961 careret.
1143 3883 1351 3959 uberrimo

370 3910 558 4060 lbribeudi
597 4012 735 4086 genere
770 3992 1003 4064 Graecorum
1038 3986 1156 4087 elegia
1197 3986 1355 4085 gaudet3

373 4107 509 4161 ornatu
538 4092 631 4161 uitet
656 4090 819 4167 delicato
847 4089 1022 4262 guidem,
1064 4088 1125 4164 led
1143 4087 1268 4263 Xaulo
1290 4112 1356 4163 ne·

372 4186 607 4287 gligeutiori,·
661 4212 698 4266 et
732 4190 812 4265 fere
873 4187 1050 4263 ifflueute.
1105 4192 1140 4264 Ο
1169 4195 1207 4263 io
1240 4189 1356 4265 habet

374 4288 571 4364 sententias
590 4288 686 4367 binis
712 4290 896 4367 versiculis
917 4294 1109 4391 impau‘ter
1137 4296 1271 4367 iunctis
1297 4296 1356 4363 in·

375 4388 551 4479 cludere,
601 4398 728 4466 autin
756 4392 833 4467 loni
860 4413 898 4467 et
913 4418 1155 4467 numerorum
1180 4392 1356 4495 aequabi-

374 4488 485 4564 litatis
509 4496 662 4591 gratiam
687 4495 924 4594 praecidere;
951 4493 1015 4568 led
1039 4492 1203 4567 liberiori
1228 4494 1356 4594 spiritu

373 4587 518 4683 fertur,
556 4619 626 4693 per
651 4594 849 4695 ampliores
877 4599 1052 4671 circuitus
1079 4594 1276 4669 sententias
1291 4594 1356 4665 du·

374 4689 500 4783 ducit,
542 4718 616 4770 nec
654 4694 728 4773 vllo
755 4695 878 4773 versus
911 4692 1063 4773 vinculo
1091 4700 1206 4771 animi
1228 4712 1354 4767 motus

1249 4817 1354 4871 00³1*-
