3909 5792
790 805 986 871 ’ἑὲ-3
1298 823 1378 897 act-3

390 1023 573 1101 clrinnum
593 1008 852 1117 erumpimus,
867 1045 889 1091 a
908 1044 985 1120 quo
1000 1018 1035 1092 le
1053 1018 1114 1093 vel
1130 1023 1282 1096 Catonis
1303 1026 1373 1092 viu

297 1204 300 1208 Α
389 1118 909 1221 tusnoupollbtcoutirrere,
938 1141 1082 1215 tamen,
1114 1122 1373 1194 vbiexr'uaui·
1449 1136 1471 1165 '⁴

388 1225 684 1311 busabiecimus,
712 1219 895 1310 dolemus,
919 1223 1025 1323 quod
1041 1222 1088 1293 ab
1100 1222 1255 1296 horuiue
1272 1220 1370 1298 affici
1394 1234 1396 1239 ’
1455 1270 1458 1275 -
1505 1260 1508 1265 ·

388 1352 462 1400 nos
477 1321 567 1424 palli
579 1320 705 1394 'sumus
721 1321 768 1393 ab
792 1327 896 1394 omui
914 1319 1113 1397 affectione
1135 1323 1283 1416 aliene,
1332 1341 1371 1398 et
1454 1348 1457 1353 ·

388 1447 467 1514 taur
484 1420 632 1512 lutosis,
654 1424 790 1522 quibus
804 1428 963 1521 optimas
979 1449 1036 1496 res
1050 1429 1280 1525 iuquiuauit,
1309 1423 1372 1497 de·

388 1527 519 1599 leotari
539 1522 686 1617 linimus
709 1524 911 1598 coloribus.
988 1526 1064 1613 Sed
1087 1550 1136 1598 ue
1156 1527 1307 1598 ulterius
1331 1530 1373 1598 in

387 1626 491 1700 hune
509 1650 683 1726 ‚oarupum
707 1650 922 1716 excurram,
973 1618 1094 1698 libelli·
1107 1627 1270 1726 augustia
1285 1651 1371 1727 pro·

301 1744 304 1751 ·
386 1727 509 1802 hibet·
620 1826 624 1839 Ι

777 2004 779 2008 v
836 2063 908 2135 ut.

383 2271 558 2373 Epicam
565 2259 705 2367 poesin
718 2261 778 2334 ad
793 2261 1109 2354 delectationem
1129 2280 1169 2335 et
1181 2261 1285 2359 usum
1299 2260 1372 2364 effe

435 2416 706 2522 aptiffimam,
752 2416 797 2486 id
817 2415 1039 2486 Homerum
1060 2442 1181 2515 quum
1196 2415 1319 2496 alias,
1345 2414 1348 2419 ’

550 2585 638 2643 tum
652 2564 828 2674 Nestoris
835 2560 1011 2667 persona
1020 2566 1212 2667 probare.

483 2842 530 2912 In
553 2834 718 2913 coufello
745 2834 814 2925 est,
858 2842 955 2910 iuter
979 2842 1105 2912 omnia
1129 2836 1285 2942 poeseos
1309 2861 1369 2937 ge·
1409 2896 1412 2901 .

283 2972 286 2976 ⁴
384 2965 477 3014 nera
495 2939 659 3027 nullum,
676 2938 678 2943 ’
699 2957 738 3010 vt
756 2939 935 3036 dignitate
952 2938 1136 3039 superma,
1175 2945 1226 3012 ita
1245 2944 1368 3038 aptius

385 3068 543 3144 quoque
567 3037 639 3113 elle
665 3032 712 3111 ad
731 3040 819 3113 vtile
843 3038 1072 3126 miscendum
1096 3039 1386 3141 dtrlci,·.quam-

383 3148 556 3244 epicum:
582 3139 657 3213 hoc
678 3145 796 3230 euim,
825 3133 941 3241 quum
962 3140 1004 3217 fit
1020 3147 1201 3232 narrarit),
1232 3160 1271 3214 et
1292 3144 1372 3240 qui·

385 3245 475 3318 dem
490 3245 711 3314 narrationis
727 3267 844 3339 genus
862 3241 1201 3340 praestautrlluuum
1216 3293 1239 3330 ,.
1254 3245 1371 3325 orimi-

330 3366 333 3370 ‘
384 3344 534 3445 busque
553 3340 759 3431 virtutibuS,
787 3368 885 3442 quae
902 3341 991 3419 huic
1003 3340 1130 3443 generi
1152 3340 1267 3415 iuelle
1286 3367 1371 3440 pos·

384 3445 487 3535 lunt,
527 3461 701 3518 ornatum
723 3443 1048 3547 cumulatumque,
1092 3442 1264 3545 exempla
1284 3468 1370 3543 pro·

384 3551 496 3648 ponit
517 3543 703 3620 factorum
722 3542 934 3636 illustrium,
974 3571 1073 3647 quae
1092 3542 1298 3617 veroli'ruile
1321 3541 1371 3616 est
1410 3562 1413 3569 ’
1444 3617 1449 3625 ,

383 3647 672 3745 admirationem
694 3643 745 3716 lui
763 3651 971 3736 concitare,
1022 3665 1060 3719 et⁴
1081 3647 1192 3747 digna
1213 3644 1371 3718 iudicari

384 3747 499 3821 laude
511 3767 625 3846 atque
639 3750 855 3835 imitatione,
884 3752 934 3819 ita
954 3748 1128 3847 quidem,
1154 3767 1193 3820 vt
1203 3770 1281 3829 nort
1294 3765 1371 3816 tam

304 3913 307 3918 .
384 3846 557 3920 historiae
571 3865 695 3946 partes
709 3845 853 3936 lubeat,
878 3868 934 3938 et,
956 3846 1050 3959 quid
1063 3849 1203 3924 factum
1217 3844 1268 3937 fit,
1293 3870 1370 3918 rue-

384 3952 528 4021 moriae
574 3947 700 4038 rodat,
738 3972 850 4047 quam
870 3969 907 4020 vt
920 3948 1133 4047 phantasiae
1153 3975 1212 4022 res
1236 3969 1273 4021 et
1287 3972 1370 4047 per·
1436 3958 1441 3968 '

384 4049 493 4124 lonas
517 3974 700 4137 tuitiiuat,
753 4066 792 4118 vt
816 4047 883 4124 luis
912 4048 1030 4122 oculis
1054 4072 1206 4150 agentes
1229 4050 1368 4137 videre,

384 4148 455 4224 luis
475 4148 627 4222 auribus
647 4148 845 4248 loquentes
864 4151 995 4232 audire
1014 4150 1135 4226 lector
1159 4150 1224 4224 fibi
1246 4150 1370 4223 videa-

383 4269 456 4323 tur.
511 4253 665 4348 Quauta
685 4249 775 4328 iude
797 4250 998 4323 delectatio
1024 4256 1062 4326 iu
1082 4280 1205 4327 rerum
1229 4250 1369 4340 magni-

384 4352 518 4426 tudiue
540 4371 577 4424 et
590 4355 794 4448 grauitate,
821 4356 860 4423 iu
875 4349 1135 4432 difficultatum
1156 4353 1371 4426 obiectione

386 4471 424 4529 et
440 4456 663 4544 renutione,
689 4456 729 4531 in
744 4476 896 4529 morum
912 4457 1109 4553 varietate,
1139 4451 1278 4623 quibu}
1289 4470 1373 4545 per·

748 4592 750 4596 ⁴
1274 4572 1374 4627 onae
