3909 5792
616 984 792 1063 docilem
811 982 892 1083 effus
914 982 1187 1086 disciplinam:
1233 1006 1344 1073 nam,
1371 978 1396 1057 fi
1414 982 1610 1061 Lucullus

615 1112 705 1165 cum
726 1086 829 1160 Sulla
847 1082 986 1175 fuiffet,
1035 1085 1200 1159 habuilse
1222 1110 1309 1157 eum
1331 1083 1411 1157 usus
1440 1086 1614 1189 discipli·

614 1213 716 1267 nam.
790 1192 839 1261 At
875 1186 1078 1260 meminiffe
1109 1186 1315 1272 debemus,
1358 1186 1475 1261 breue
1508 1190 1623 1265 illud·

613 1293 795 1388 temporis
816 1286 989 1388 spatium,
1027 1313 1108 1389 quo
1121 1307 1212 1363 tunc
1225 1292 1266 1359 iu
1286 1284 1368 1361 Asm
1387 1313 1614 1366 commora-

616 1410 676 1465 tus
695 1388 762 1480 est,
805 1415 886 1463 non
909 1388 994 1467 satis,
1014 1386 1119 1463 fuiffe
1140 1389 1189 1462 ad
1201 1392 1394 1563 ’ἱηῖῗῐιίυιη
1416 1394 1503 1495 eius
1532 1422 1616 1468 am·

617 1490 683 1595 pla
703 1515 829 1565 rerum
854 1490 1071 1567 bellicarum
1104 1510 1142 1563 et
1177 1494 1249 1565 ciui
1267 1494 1343 1563 'um
1378 1499 1618 1591 cognitione

619 1591 891 1683 excolendum
919 1597 954 1665 ei
981 1589 1215 1694 praesertim,
1241 1618 1355 1693 quem
1378 1594 1620 1675 mansuetio-

618 1718 679 1769 res
696 1692 824 1767 Musae
847 1694 1067 1768 deuinctum
1089 1690 1288 1784 tenebunt,
1329 1714 1372 1795 et!
1386 1699 1454 1795 qui
1473 1700 1630 1777 Archi-⁰

612 1820 701 1886 am,
729 1818 896 1895 quocum
912 1793 1028 1894 louge
1044 1794 1115 1867 alia
1133 1818 1243 1893 agere
1260 1794 1422 1887 licebat,'
1435 1796 1621 1881 sodalem

619 1890 746 1973 secum
768 1892 930 1969 habebat
950 1915 988 1967 et
1010 1902 1190 1985 amicu1n3
1216 1915 1275 1989 vt,
1302 1894 1389 1971 licet
1404 1900 1446 1970 iu
1471 1898 1620 1981 summi

620 1999 805 2099 praetoris
829 2014 867 2068 et
895 1994 1075 2072 clariffimi
1101 1996 1207 2069 ducis
1232 1996 1484 2071 coutubemio
1510 2012 1620 2083 vixe-

619 2099 687 2187 rit,
732 2115 859 2169 tamen
879 2102 1015 2170 mirum
1044 2122 1125 2170 non
1152 2094 1212 2187 fit,
1258 2124 1346 2171 eum
1363 2104 1416 2171 rei
1433 2104 1618 2187 militaris

618 2200 836 2300 imperitum
863 2196 1038 2273 manfiffe.
1085 2202 1133 2273 'In
1159 2200 1310 2303 reliquis
1337 2207 1466 2274 omnia
1492 2206 1535 2280 se
1561 2238 1619 2287 re·

621 2316 683 2375 cte
702 2298 854 2372 habent.
904 2297 1092 2375 Disceffus
1112 2298 1238 2375 Sullae
1260 2326 1306 2373 ex
1329 2308 1539 2399 prouincia
1557 2339 1620 2387 ca·

621 2398 678 2475 dit
697 2404 737 2473 in
753 2426 813 2473 an.
828 2402 874 2475 V.
890 2404 932 2475 C.
950 2404 1036 2487 664.
1088 2406 1204 2491 Nam,
1229 2422 1268 2475 vt
1285 2400 1514 2481 Plutarchus
1528 2438 1619 2487 nm»

620 2519 681 2577 rat
706 2500 820 2587 (Sufl.
842 2528 882 2602 p.
912 2503 1045 2594 ὼ),
1082 2506 1226 2575 Romae
1252 2528 1369 2603 quum
1397 2504 1513 2600 estet,¹
1538 2508 1616 2615 *Jo'b

621 2604 803 2701 imagines
824 2630 847 2675 a
861 2602 1013 2677 Boccho
1045 2614 1086 2676 m
1109 2603 1295 2705 Capitolio
1317 2603 1555 2705 collocatas'‚·
1575 2622 1616 2689 in

651 2704 759 2777 uibus
788 2724 866 2779 erat
900 2728 1034 2777 aureus
1065 2704 1242 2803 Iugurtha
1275 2700 1401 2779 Sullae
1429 2712 1613 2807 traditus,

620 2728 810 2880 Zucordia
841 2811 938 2879 iuter
968 2803 1110 2879 Sullam
1133 2825 1170 2878 et
1193 2810 1353 2879 Marium
1378 2816 1612 2907 excanduit;

621 2931 721 3009 quae
744 2932 803 2981 res
827 2934 943 3008 quum
970 2904 1187 2979 seditionem
1211 2908 1376 3007 spectare
1398 2911 1612 3010 videretur,

655 3008 733 3083 uod
768 3029 925 3110 vterque
958 3006 1041 3081 suos
1076 3026 1114 3081 et
1135 3026 1309 3180 {etentes
1333 3009 1500 3089 habebut
1522 3018 1614 3095 affe·
1666 3094 1670 3101 ,

625 3034 725 3198 (ollas,
750 3135 848 3184 eam
878 3108 1019 3185 bellum
1047 3108 1144 3182 socia
1160 3134 1200 3198 e,
1245 3115 1319 3181 iam
1346 3111 1412 3189 diu
1434 3114 1611 3214 gliscens,

621 3208 687 3285 sed
711 3235 758 3285 eo
784 3237 886 3289 anno
909 3212 1112 3298 exardens,
1156 3208 1382 3310 consopiuit:
1435 3238 1482 3286 ex
1515 3244 1610 3319 quo,

624 3337 713 3389 eum
750 3334 783 3383 a.
823 3312 907 3392 664.
933 3309 984 3381 h.·
1007 3334 1039 3381 e.
1069 3314 1190 3410 primo
1219 3311 1306 3385 belli
1332 3312 1471 3388 socialis
1500 3344 1610 3396 anno

621 3408 785 3502 rediiffe,
814 3430 955 3485 certum
977 3409 1037 3485 est.
1063 3424 1066 3431 '
1089 3410 1235 3484 Eodem
1256 3438 1345 3487 vero
1366 3440 1468 3488 anno
1484 3444 1611 3521 quum

622 3512 823 3587 Lucullum
857 3515 993 3602 etiam,
1032 3510 1229 3612 postquam
1269 3538 1316 3586 ex
1357 3515 1488 3589 Cilicia
1519 3546 1611 3597 cum

622 3612 726 3692 Sulla
759 3606 987 3700 discesserat,
1023 3616 1184 3687 Romam
1212 3614 1365 3707 veniffe,
1404 3618 1611 3717 probabile

542 3746 545 3751 ·
622 3704 685 3787 fit:
710 3713 884 3788 accidere
903 3710 1014 3788 facile
1041 3720 1182 3814 potuit,
1218 3735 1257 3789 vt
1275 3721 1315 3789 in
1339 3722 1473 3793 itinere
1488 3725 1611 3798 Hera·

622 3812 744 3889 oleam
761 3814 917 3904 delatus,
943 3814 1135 3908 Archiam,
1162 3820 1200 3888 in
1216 3822 1405 3893 ciuitatem
1420 3818 1525 3897 illam
1543 3826 1619 3901 au.

622 3912 730 3989 scribi
751 3921 987 4033 cupientem,
1011 3924 1124 4016 gratia
1143 3910 1204 3989 sua
1222 3919 1418 3995 adiuuerit.
1469 3926 1610 4001 Factus

621 4014 734 4115 igitur
765 4021 816 4091 eit
842 4018 996 4092 Archias
1030 4023 1135 4097 ciuis,
1159 4020 1411 4097 Heracleenfis
1443 4012 1484 4098 L'.
1504 4028 1608 4103 Iulio

623 4114 781 4193 Caesare
797 4138 834 4193 et
861 4123 903 4192 P.
926 4118 1066 4191 Rutilio
1085 4122 1195 4217 Lupo
1218 4119 1313 4195 eoff.
1336 4151 1368 4196 a.
1393 4127 1478 4210 664.
1496 4129 1610 4229 quod

622 4242 705 4293 non
727 4216 846 4309 solum
861 4243 908 4291 ex
925 4243 972 4289 eo
994 4218 1152 4307 clarum,
1174 4220 1299 4320 quod,
1330 4250 1445 4325 quum
1466 4254 1497 4300 a.
1516 4232 1607 4306 665.

576 4402 586 4417 „
614 4322 766 4396 ¹Romae
789 4322 998 4408 ciuitatem,
1024 4338 1063 4391 vt
1075 4319 1219 4397 dictum
1240 4320 1310 4413 est,
1335 4333 1495 4425 petierit,
1515 4352 1610 4409 ante

616 4418 716 4497 illud
738 4425 906 4521 tempus,
934 4436 1037 4493 certe
1064 4446 1099 4493 e.
1129 4422 1216 4507 664.
1243 4424 1451 4504 Heracleae
1480 4427 1608 4510 factus

618 4536 620 4541 '
700 4550 703 4557 ·
772 4554 785 4605 ,·
1530 4533 1610 4612 effe

1544 4828 1564 4873 δ
