3909 5792
619 524 685 597 ¹9²
760 490 762 495 ¹

613 694 854 775 veliementer
873 696 1078 795 perturbati
1096 719 1161 773 aut
1173 702 1213 771 in
1233 698 1520 777 admirationem
1539 722 1596 775 ru⁴

614 808 669 904 pti
688 799 816 887 ess'ent,
843 794 1009 895 suspicati
1027 798 1120 890 sint,
1149 820 1299 875 naturas
1312 800 1370 875 his
1387 804 1498 877 rebus
1513 802 1595 877 snb·

614 902 686 977 elle
701 902 988 995 suarnmvirium
1007 902 1206 973 rnod'ulurn
1226 899 1264 974 su
1294 926 1464 995 erentes,
1515 931 1600 978 eas-

614 1030 690 1105 que
706 1000 852 1099 plausu,
906 998 1088 1090 clamore,
1137 1020 1176 1074 et
1191 930 1420 1077 exulsatione
1433 1052 1444 1095 ,
1493 1008 1596 1106 quae

614 1108 741 1179 omnia
760 1121 823 1172 aut
847 1104 1019 1173 timorem
1041 1122 1106 1174 aut
1125 1108 1361 1175 mirationem
1384 1125 1450 1177 aut
1466 1108 1596 1205 gausli-

613 1232 679 1277 um
699 1207 971 1301 exprimerent,
991 1224 994 1229 ·
1022 1220 1060 1275 et
1076 1202 1143 1303 ipsa
1158 1210 1398 1303 exceperint,
1445 1226 1483 1279 et
1499 1207 1592 1299 aliis,

613 1326 654 1379 vt
667 1309 904 1403 exciperent,
942 1299 1101 1377 suasores
1114 1302 1278 1377 suerint?
1317 1307 1367 1377 At
1383 1326 1472 1383 vero
1489 1306 1515 1378 si
1530 1334 1593 1407 ge·

495 1402 501 1413 ’
614 1406 730 1495 stum,
775 1403 952 1491 vultum,
981 1401 1232 1495 saltationem,
1281 1404 1502 1496 clarnorem,
1551 1426 1592 1481 et

614 1510 762 1597 omnia,
786 1503 922 1605 quibus
936 1504 1104 1577 rudiores
1117 1510 1285 1579 homines
1297 1510 1411 1579 animi
1423 1504 1590 1579 affectio·

614 1634 681 1681 nes
700 1605 808 1707 super
821 1603 931 1678 rebus
945 1603 1111 1679 insolitae
1126 1608 1400 1705 magnitudinis,
1426 1626 1489 1679 aut
1504 1612 1588 1679 miri

615 1705 777 1797 artificii,
803 1726 867 1779 aut
883 1704 1043 1779 utilitatis
1059 1708 1232 1782 nondum
1247 1726 1438 1809 expertae,
1466 1708 1588 1779 decla-

613 1829 717 1898 rant,
763 1826 801 1881 et
876 1833 921 1882 ae
940 1807 1129 1908 religionis
1147 1828 1186 1881 et
1199 1806 1318 1883 cultus
1332 1807 1495 1909 aliquam
1511 1808 1590 1907 spe

615 1916 713 1987 ciem
728 1834 1023 2011 prae‘ldserunt,
1050 1908 1279 2001 subtraxeris,
1307 1912 1410 2011 quid,
1438 1909 1588 2009 (praesb,

614 2010 822 2089 remanebit
843 2030 969 2085 mente
985 2031 1023 2086 et
1039 2014 1266 2111 cogitatione
1284 2057 1293 2101 ,
1338 2032 1469 2083 eorum
1487 2036 1589 2085 com·

613 2112 861 2217 prehensum?
907 2112 1000 2186 ldne
1017 2111 1146 2187 nostris
1159 2117 1272 2185 animi
1290 2110 1413 2202 sensis,
1458 2112 1588 2185 nolitis

513 2236 515 2241 '
615 2213 923 2313 cogitationibus,
950 2212 1078 2287 nostris
1098 2240 1222 2287 rerum
1238 2212 1367 2287 sonnis
1383 2218 1594 2287 unimoim*

614 2312 738 2417 preliis
750 2312 942 2387 alsinrulari
957 2335 1059 2389 recte
1069 2320 1208 2415 poterit
1216 2316 1234 2387 'l
1253 2314 1348 2387 Idne
1362 2315 1494 2405 cultus,
1515 2342 1592 2416 qna

607 2442 685 2490 nos
699 2442 784 2489 eum
799 2416 955 2489 dicimus
970 2420 1139 2506 notione,
1168 2418 1322 2515 dignum
1336 2415 1593 2515 appellatione

615 2516 709 2591 erit?
731 2522 815 2589 Non
830 2517 987 2588 videtur.
1039 2522 1213 2591 Attamen
1225 2542 1304 2591 non
1318 2517 1438 2617 potest
1449 2524 1588 2617 negari,

613 2642 660 2692 ex
680 2618 811 2690 eodeni
829 2616 894 2689 illo
908 2616 993 2689 rudi
1007 2616 1237 2719 stupidorum
1248 2624 1459 2691 animorum
1474 2640 1591 2718 atque

611 2716 731 2799 feroci
749 2723 914 2817 impetu,
958 2744 1072 2819 quem
1096 2718 1212 2793 hodie
1230 2724 1270 2791 in
1292 2718 1378 2792 seris
1394 2724 1590 2793 Americae

612 2818 783 2921 gentibus
798 2825 1075 2919 peregrinantes
1089 2820 1401 2909 animaduerterat,
1424 2842 1461 2893 et
1475 2846 1589 2920 quem

611 2928 651 2995 in
667 2919 850 2993 veteribus
856 2920 1019 3094 rpopulis
1036 2922 1333 2994 animaduersum
1349 2919 1470 3011 fuisse,
1497 2927 1593 2995 veri·

610 3020 725 3097 linule
746 3020 812 3112 est,
870 3020 982 3095 enlirn
1001 3022 1256 3121 paulatimque
1274 3046 1403 3095 verum
1422 3023 1590 3123 aliquem

612 3124 732 3199 cultus
746 3144 861 3224 atque
877 3122 1066 3221 religionis
1079 3120 1221 3195 sensum
1235 3144 1397 3215 enatum,
1422 3128 1488 3225 qui
1504 3122 1589 3195 lura·

610 3224 777 3299 damenti
792 3226 881 3299 loco
900 3222 1028 3315 suerit,
1055 3250 1154 3327 quo,
1183 3222 1303 3297 sinon
1318 3248 1460 3316 omnes,
1485 3244 1591 3299 certe

609 3326 814 3427 pleraeque
853 3346 1023 3399 veterum
1052 3326 1282 3427 populorum
1320 3328 1516 3425 religiones
1550 3346 1591 3400 et

610 3426 702 3501 deos
749 3427 900 3501 colendi
946 3433 1132 3517 rationes,
1193 3426 1457 3527 superstructae
1499 3426 1588 3517 s1nt3

610 3554 839 3630 quamquam
861 3528 976 3628 longo
1000 3547 1076 3602 tem
1105 3534 1178 3603 oris
1199 3528 1397 3601 interuallo
1414 3552 1509 3629 opus
1531 3527 1588 3599 sna

610 3637 701 3719 erit,
745 3652 947 3731 antequam
964 3654 1051 3703 eae
1079 3652 1117 3703 et
1133 3630 1317 3725 eirpsmodi
1340 3624 1443 3702 seniis
1467 3628 1586 3727 perse-

609 3734 708 3820 ctio,
737 3758 871 3830 quarn,
900 3730 925 3803 fi
940 3730 1053 3831 digna
1068 3728 1323 3827 religiosorum
1341 3736 1494 3803 rionrine
1512 3728 1585 3799 elle

609 3830 789 3921 debeant,
830 3832 969 3905 habere
987 3858 1030 3905 ea
1047 3832 1191 3907 neeesse
1208 3832 1266 3905 est.
1336 3832 1430 3903 Nam
1450 3854 1494 3901 ex
1510 3826 1585 3897 sara-

608 3936 691 4031 pius
709 3932 909 4007 obseruatis
926 3958 1049 4005 rerum
1063 3932 1273 4021 ntitacnlia,
1311 3928 1460 4003 insolitis
1476 3933 1582 4015 asiis,

608 4037 741 4121 maris,
785 4054 903 4107 terrae
924 4032 1105 4124 motibus,
1154 4032 1374 4105 exsularinis
1392 4026 1524 4101 ictibus
1544 4034 1584 4099 in

605 4126 693 4211 loca
702 4130 917 4209 bominibus
932 4160 1017 4209 caru
1031 4134 1192 4223 dtr-acm,
1216 4130 1394 4233 grandine
1408 4154 1582 4231 agrorum

1545 4251 1585 4307 til
