3909 5792
1011 1048 1208 1103 π

618 1274 756 1351 cogere
773 1248 973 1341 derectae
997 1272 1038 1327 vt
1052 1253 1282 1341 Diomedes,
1311 1243 1602 1423 erilantissimus·

616 1354 681 1430 ille
695 1372 732 1426 et
742 1350 824 1452 post
833 1351 1018 1427 Achillem
1030 1374 1069 1427 et
1079 1358 1234 1446 Aiacem
1245 1350 1332 1425 iort'
1362 1377 1456 1425 rmus
1471 1350 1598 1443 heroe

616 1460 654 1531 ei
667 1456 824 1527 nimium
839 1452 999 1527 studium
1013 1475 1050 1528 et
1060 1460 1215 1529 nimiam
1229 1452 1518 1529 sollicitudinem
1531 1450 1600 1541 obi,

615 1560 718 1631 iiciat
733 1556 777 1649 *).
830 1557 1072 1656 Quamquam
1087 1582 1167 1631 non
1187 1555 1330 1655 sempor
1347 1544 1507 1627 consiliis
1526 1552 1599 1629 suia

567 1700 571 1717 ι
616 1654 741 1745 efficit,
769 1655 876 1755 quod
886 1661 1013 1729 anirno
1027 1656 1199 1754 onomat,
1217 1654 1360 1755 saepius
1374 1672 1599 1729 tamennon

616 1754 693 1831 fine
714 1754 876 1830 succeffu
889 1752 965 1829 effe'
977 1763 1119 1831 monita
1135 1759 1198 1832 sua
1217 1756 1327 1830 videt.
1404 1756 1468 1829 Sic
1481 1780 1527 1828 eo
1542 1759 1599 1827 in·

613 1856 834 1933 tercedente
849 1858 1108 1953 Agamemnon
1123 1858 1173 1931 ad
1188 1856 1373 1933 Achillem
1385 1854 1506 1947 mittit,
1528 1860 1602 1955 qui·

493 1974 497 1985 '
613 1958 652 2037 fe
660 1957 714 2031 illi
728 1956 974 2041 reconcilient
984 1978 1203 2061 rogentque,
1223 1977 1262 2031 vt
1272 1962 1486 2045 Hectorem,
1514 1974 1596 2026 tan-

500 2078 502 2087 '
532 2096 535 2105 ·
613 2076 748 2159 topere
768 2063 808 2130 in
826 2060 992 2133 Graecos
1011 2058 1254 2150 saeuientem,
1286 2083 1337 2158 op
1366 2061 1492 2143 rimat3
1530 2059 1594 2130 cui

614 2156 785 2252 confilio,
803 2157 905 2233 fideli
923 2158 1009 2234 sane
1027 2181 1064 2234 et
1079 2160 1273 2261 prudenti,
1298 2184 1320 2231 e
1378 2160 1496 2230 exitus
1510 2179 1594 2227 non

612 2260 832 2360 respondet,
870 2287 968 2361 quae
983 2265 1061 2335 irae
1072 2259 1225 2337 Achillis
1265 2260 1463 2345 artinacia,
1500 2280 1589 2329 con·

612 2362 778 2462 sequitur
794 2381 940 2452 tamen,
985 2382 1025 2436 vt
1038 2361 1214 2437 Patroclo
1228 2286 1291 2437 iric
1307 2363 1506 2461 permittat,
1549 2374 1591 2431 vt

611 2460 683 2537 iuis
715 2468 823 2536 armis
851 2463 1005 2537 indutus
1029 2467 1187 2551 Hectori
1215 2460 1368 2537 obuiam
1394 2457 1589 2563 prooedao

612 2566 702 2663 Quo
725 2560 824 2637 facto
844 2569 1028 2637 maximae
1047 2564 1274 2639 miseriarum
1285 2566 1382 2663 parti
1398 2560 1511 2633 finem
1524 2563 1592 2649 im3

641 2662 771 2737 ofitunr
788 2664 882 2754 effe,
920 2665 1048 2764 postea
1071 2664 1349 2771 cognoscimus,
1386 2660 1450 2735 vbi
1468 2659 1593 2737 Achil-

609 2689 684 2841 iem
700 2818 708 2853 ,
761 2790 878 2865 quum
894 2767 1082 2839 audiuerit
1092 2765 1326 2856 Patroclum,
1375 2766 1537 2837 anticum
1553 2780 1591 2835 et

525 2862 533 2873 “
609 2864 775 2961 sodalem
796 2865 916 2956 suurn,
940 2867 987 2938 ab
1006 2872 1172 2943 Hectore
1188 2866 1354 2942 occisum
1370 2862 1460 2955 effe,
1485 2868 1590 2935 vtin-

609 2968 743 3038 iuriam
759 2966 969 3058 vlciscatur,
996 2967 1116 3068 ipsum
1132 2967 1168 3042 se
1182 2968 1352 3043 videmus
1370 2966 1512 3067 praelio
1530 2988 1590 3039 ao-

609 3071 784 3166 cingere‚
837 3088 874 3141 et
904 3068 1045 3167 pestem
1081 3070 1184 3143 illam
1214 3070 1447 3143 Graecorum
1474 3064 1589 3141 confi·

610 3194 696 3242 cero
719 3170 779 3258 *‘).
832 3171 894 3243 Sic
911 3169 1055 3270 saepius
1076 3170 1187 3245 senex
1208 3168 1333 3245 noster
1354 3173 1498 3241 animos
1521 3167 1588 3238 du-

608 3294 694 3345 cum
713 3268 881 3343 demiffos
895 3291 932 3344 et
944 3270 1204 3371 perturbatos,
1250 3270 1425 3345 sermonis
1443 3269 1496 3342 sui
1511 3265 1589 3340 sua-

606 3376 719 3445 vitate
745 3391 783 3443 et
806 3374 987 3469 grauitate
1011 3376 1117 3471 erigit
1131 3393 1168 3447 et
1186 3372 1402 3461 confirmat3
1441 3369 1586 3470 saepius

604 3474 654 3545 ad
668 3472 794 3570 fugam
810 3493 959 3571 paratos
978 3474 1204 3575 dehortatur,
1230 3472 1434 3573 efficitque,
1460 3490 1587 3545 vtina-

604 3600 682 3674 gno
713 3596 750 3650 et
777 3578 1028 3679 imperterrito
1056 3581 1183 3655 animo
1212 3572 1354 3653 hostem
1385 3578 1582 3737 exeipissnt.

1533 3694 1584 3741 rua

643 3944 681 4029 *)
703 3942 795 4009 naa.
813 3961 852 4015 κ,
880 3948 951 4029 154.

621 4101 683 4192 **)
706 4100 809 4163 Recte
830 4116 946 4163 monet
966 4101 1153 4177 BoiuinuS,
1177 4103 1214 4189 io
1229 4102 1423 4171 Comment.
1472 4102 1581 4168 Vicil-

689 4186 770 4273 lcffe
788 4186 976 4273 Ileroiquo,
1000 4211 1045 4252 ort
1066 4186 1244 4255 Viellardr
1256 4191 1290 4254 d'
1307 4192 1471 4259 Homero,
1519 4212 1582 4255 uae

689 4286 779 4334 extat
794 4274 828 4334 in
843 4272 1025 4337 Mernoires
1040 4274 1083 4337 do
1094 4272 1115 4338 l’
1128 4276 1233 4343 acad.
1249 4276 1308 4343 des
1321 4278 1422 4341 lnl'cri
1447 4292 1471 4341 t.
1518 4327 1527 4344 .
1540 4276 1579 4342 11.

682 4379 719 4509 h.
748 4360 795 4423 18.
819 4356 908 4455 ibqq.
936 4360 1109 4441 Graecos,
1150 4362 1245 4451 quod
1266 4387 1328 4451 per
1345 4302 1509 4429 ,totitem
1536 4362 1579 4427 ab

720 4446 842 4505 ectoris
858 4448 972 4507 iurore
990 4444 1122 4511 liberati
1137 4448 1260 4527 client,
1288 4472 1361 4515 non
1378 4452 1490 4517 minus
1508 4448 1580 4515 Ne-

682 4526 1076 4616 storiacceptunrforre,
1113 4558 1215 4621 qnam
1230 4534 1373 4621 Achilli3
1412 4532 1580 4625 etinstgni

710 4614 832 4679 nodam
872 4631 969 4680 oetan
984 4618 1125 4683 artificio
1141 4618 1267 4686 factum
1289 4622 1375 4698 effe,
1418 4620 1479 4703 tt,
1525 4624 1581 4687 cui

683 4638 879 4793 iiluſtrantfo
901 4718 1038 4771 ,tanturn
1057 4704 1155 4769 [indii
1175 4706 1327 4785 dicitlicit,
1363 4710 1391 4773 is
1412 4730 1456 4775 eo
1476 4710 1579 4781 etiarn

685 4790 870 4873 emineret,
895 4807 929 4857 vt
947 4790 1044 4857 causa
1062 4790 1139 4883 eiiot
1156 4792 1379 4885 liberationis.
