3909 5792
669 552 687 591 Υ
1031 558 1227 603 m

640 576 714 631 200

645 780 810 841 coarctat
841 777 955 859 atque
992 753 1183 857 restringit.
1235 754 1338 833 Nihil
1367 760 1469 835 eninr
1491 764 1625 843 intole-

641 864 793 941 rabilius
809 858 923 933 visum
948 858 1119 948 Graecia,
1153 882 1269 960 qutun
1290 868 1456 937 animum
1479 888 1624 965 pertur-

639 970 770 1043 batum
805 980 842 1033 et
871 964 967 1033 curis
998 964 1200 1059 agitatum,
1249 960 1310 1035 vbi
1341 962 1441 1039 sensa
1473 967 1533 1042 sua
1560 994 1624 1043 ex·

640 1069 783 1171 primit,
817 1086 970 1159 cogere,
997 1080 1038 1131 vt
1064 1084 1109 1131 ea
1129 1059 1348 1153 syllabarum
1369 1066 1526 1143 delinito
1552 1096 1622 1142 nu-

638 1191 745 1245 mero
770 1160 1087 1262 comprehendat,
1134 1162 1271 1239 eodem
1293 1162 1439 1269 semper
1457 1168 1548 1245 loco
1564 1176 1621 1243 in·

642 1271 775 1355 cheat,
818 1260 956 1337 eodem
982 1262 1125 1361 semper
1155 1262 1343 1357 absoluat,
1382 1286 1420 1341 et
1449 1268 1619 1345 vlamam

640 1367 783 1469 periodi
815 1389 950 1437 vocem
981 1362 1058 1437 duo
1096 1382 1268 1465 tempora
1289 1368 1473 1443 excedere
1501 1390 1615 1445 vetet.

638 1475 738 1549 Hinc
763 1464 844 1539 talis
877 1464 1098 1539 conciliatur
1126 1464 1268 1567 elegiae
1292 1470 1459 1545 Graecae
1488 1468 1615 1545 honos

640 1592 678 1647 et
698 1574 835 1667 gratia,
871 1590 969 1667 quae
987 1592 1009 1635 a
1029 1572 1158 1667 peritis
1184 1588 1223 1643 et
1245 1566 1348 1643 sensu
1370 1569 1517 1671 pulchri
1532 1570 1616 1646 sub·

638 1678 729 1747 actis
762 1666 884 1743 sentiri
910 1673 1047 1766 magis,
1091 1694 1207 1771 quarn
1235 1668 1365 1745 doceri
1392 1670 1530 1773 potest;
1564 1670 1615 1745 ab

637 1774 842 1871 imperitis,
890 1788 955 1840 aut
996 1768 1152 1843 Nasonis
1186 1767 1359 1845 affectata
1386 1772 1619 1847 rotunditate

637 1874 841 1959 fascinatis,
877 1868 969 1969 quid
992 1868 1058 1963 srt,
1098 1870 1256 1973 intelligi
1272 1898 1353 1947 non
1367 1872 1497 1973 potest.
1549 1874 1619 1951 So·

637 1976 760 2052 lutum
791 1970 866 2045 hoc
894 1968 1036 2069 elegiae
1063 1998 1201 2069 genus,
1238 1980 1396 2077 eiusque
1425 1970 1619 2049 inaffecta-

636 2098 713 2152 tarn
737 2072 958 2173 elegantiam
977 2072 1144 2147 Catullus
1160 2073 1353 2151 studiosius
1372 2074 1523 2177 reliquis
1538 2079 1619 2149 irni-

636 2199 734 2253 tatur
760 2174 830 2262 est,
869 2174 1060 2251 interdum
1084 2180 1215 2267 etiam,
1255 2180 1431 2278 inprimi
1455 2176 1617 2277 praeser-

636 2287 704 2354 tim
726 2276 809 2351 libri
831 2274 976 2375 aliquot
1002 2274 1246 2370 canninibue,
1279 2280 1513 2379 Propertius,
1549 2280 1616 2377 qui

637 2402 761 2457 tamen
781 2386 820 2451 in
839 2374 990 2477 reliquis
1016 2398 1115 2451 totus
1136 2376 1216 2453 sere
1234 2382 1425 2455 Romanus
1442 2376 1502 2454 est.
1550 2380 1615 2451 Ti-

635 2482 780 2570 bullus,
808 2483 980 2551 inimicus
1007 2478 1162 2581 quidem
1188 2482 1420 2555 Graecorum
1439 2478 1615 2572 libertati,

635 2604 674 2657 at
695 2580 933 2679 simplicitatis
952 2605 1084 2653 eorum
1106 2600 1144 2655 et
1166 2586 1316 2657 natiuae
1337 2580 1561 2681 elegantiae,
1588 2578 1617 2657 li

635 2688 719 2787 quis
745 2682 861 2769 alius,
910 2676 1134 2753 selicilllnrus
1158 2682 1315 2757 sectator
1332 2702 1370 2757 et
1386 2682 1505 2755 lidelis
1525 2686 1616 2755 ami-

635 2811 724 2873 cus,
751 2782 1016 2855 accommodat
1035 2779 1072 2855 se
1092 2782 1155 2857 ille
1178 2808 1421 2857 numerorum
1438 2782 1616 2885 aequabi-

633 2886 745 2975 litati,
786 2882 849 2955 scd
872 2906 916 2955 ea
935 2878 1006 2955 fuit
1027 2888 1167 2981 ingenii
1187 2884 1363 2959 facilitate
1387 2905 1425 2958 et
1444 2885 1617 2959 modera-

633 2992 738 3063 tione
759 2986 891 3071 animi,
917 3003 957 3055 vt
975 2982 1074 3057 sensa
1092 2988 1182 3077 eiue,
1202 3011 1360 3089 quoquo
1376 2984 1494 3063 modo
1511 3010 1618 3061 cour·

631 3096 748 3177 moti,
797 3084 976 3184 ampliora
995 3083 1109 3198 spatia
1134 3105 1172 3160 et
1192 3092 1411 3161 remotiores
1431 3090 1614 3161 terminos

630 3218 709 3265 non
737 3187 934 3259 videantur
960 3184 1192 3277 dettderasle‚
1242 3208 1306 3261 aut
1327 3193 1367 3261 in
1392 3192 1501 3262 taetri
1533 3192 1614 3261 vin-

631 3292 725 3367 c'ulis
742 3288 802 3361 sua
819 3284 923 3361 strnul
939 3284 1128 3361 inuenisse.
1180 3288 1381 3363 Nasoniani
1398 3292 1539 3387 ingenii
1555 3288 1614 3363 lu·

629 3394 706 3477 sus,
761 3394 827 3491 qui
860 3384 1033 3461 terstllimi
1063 3388 1206 3463 Tibulli
1238 3390 1505 3463 rotunditatem
1521 3386 1613 3465 alle·

629 3513 750 3579 etant,
778 3511 892 3591 atque
909 3510 989 3563 arte
1002 3488 1099 3563 adeo
1118 3489 1303 3591 superant,
1326 3516 1407 3565 non
1427 3512 1503 3565 tarn
1515 3490 1613 3569 mul·

628 3614 687 3667 tos
708 3591 761 3665 sui
781 3606 910 3665 nactos
931 3586 1004 3663 esse
1017 3590 1282 3683 admiratores,
1310 3612 1411 3667 certe
1431 3616 1609 3683 aeneos,

627 3700 696 3796 qui
722 3696 869 3767 Graeco
895 3696 1033 3789 genio,
1083 3692 1202 3793 qualis
1223 3697 1263 3767 in
1278 3692 1432 3769 Tibullo
1454 3714 1492 3769 et
1516 3696 1609 3771 Pro-

622 3800 746 3897 pertio
787 3813 936 3890 regnat,
956 3790 1107 3869 -assueti
1136 3792 1245 3887 sarit,
1295 3819 1409 3869 nemo
1436 3801 1605 3889 miretur,

624 3922 744 4009 quum
762 3918 898 3996 parem
920 3918 1072 3985 corum,
1098 3892 1226 3971 frenos
1241 3922 1313 3995 pro
1328 3895 1451 3973 lubitu
1461 3896 1605 3989 laxans,

574 4074 578 4082 ,
622 4022 711 4071 cum
742 4014 895 4069 externa
924 3996 1094 4073 Graecae
1119 3994 1261 4095 elegiae
1292 3994 1416 4071 forma
1437 3998 1606 4099 spiritum

617 4094 728 4173 limus
754 4097 988 4171 Graecorum
1015 4114 1053 4167 et
1081 4096 1268 4173 sensorum
1287 4102 1454 4173 natiuam
1476 4098 1606 4175 dulce·

620 4194 750 4269 dinem
773 4189 1044 4297 proscripserit,
1073 4218 1112 4275 et
1141 4196 1228 4303 plus
1248 4195 1316 4273 fibi
1342 4200 1605 4377 artiquebsuae

1435 4307 1482 4375 tn'
1509 4326 1602 4377 uen-
