3909 5792
2556 1130 2607 1203 9

619 1325 1300 1395 commentatorum
1338 1303 1682 1379 diuersae.
1718 1311 1915 1381 inter
1966 1301 2035 1379 se
2078 1303 2174 1380 de
2210 1301 2606 1379 rebus-ob·

618 1406 842 1494 scuris
885 1412 1239 1485 testantur
1289 1406 1716 1480 sententiae.
1822 1410 2181 1481 Futurum
2238 1412 2459 1506 igitur
2494 1432 2604 1480 ra-

618 1542 785 1607 tuS,
839 1512 930 1602 fi,
987 1509 1201 1615 quod
1260 1511 1619 1597 Manutii,
1697 1510 2045 1599 Grae-nii,
2094 1506 2400 1582 Ernel'iii
2445 1508 2603 1583 alii·

573 1610 580 1621 '
677 1645 773 1690 ue
830 1621 982 1688 iam
1041 1609 1440 1709 diligenter
1500 1628 1944 1697 tractarunt,
2026 1608 2281 1683 denuo
2332 1615 2605 1710 attigis-

617 1646 808 1808 llem,
898 1735 976 1791 vt
1009 1737 1109 1786 ne
1152 1730 1282 1783 aut
1324 1732 1757 1812 arroganter
1781 1706 2087 1795 ,feciss'e‚
2172 1730 2301 1783 aut
2347 1732 2601 1789 actum

573 1825 582 1832 '
624 1818 846 1920 egiss'e
891 1840 1085 1918 opus
1121 1868 1140 1904 ,
1239 1830 1372 1886 aut
1409 1866 1428 1902 ,
1535 1810 1906 1917 quidquid
1957 1812 2057 1885 est
2100 1834 2423 1913 operae,
2518 1814 2601 1889 id

621 1924 940 1995 omnino
978 1912 1344 2009 inutiliter
1392 1913 1786 1991 collocall'e
1833 1912 2243 2002 iudicat-er,
2321 1914 2599 1991 facien-

619 2021 806 2097 dum
839 2021 1126 2122 putaui,
1159 2036 1238 2089 vt
1267 2038 1392 2087 me
1426 2016 1523 2091 ad
1562 2041 1810 2089 rerum
1843 2012 2350 2100 obscurarum,
2401 2041 2600 2118 quae

618 2112 1034 2199 lectionem‘
1077 2120 1436 2193 orationis
1492 2116 1955 2223 impediunt,
2040 2115 2599 2191 illustrationem

619 2231 1134 2323 accingerem,
1190 2217 1709 2321 videremque,
1768 2243 1954 2289 num
1984 2215 2209 2292 rebus
2248 2222 2599 2319 primum,

624 2352 812 2427 quas
875 2339 1226 2397 accurate
1280 2316 1488 2392 noss'e
1551 2318 1904 2393 multum.
1941 2318 2277 2408 interest,
2346 2317 2599 2393 lucem

626 2428 954 2529 aliquam
1015 2418 1277 2521 pollini
1333 2419 1816 2520 adspergere3
1919 2418 2199 2493 deinde
2260 2420 2596 2513 lectioni,

623 2527 751 2603 vbi
789 2526 1119 2614 laborat,
1175 2544 1406 2626 opem
1462 2541 1537 2597 et
1569 2521 1871 2598 salutem
1903 2518 2122 2598 ferre.
2228 2524 2237 2539 ‘

1574 2826 1670 2899 11.

645 3116 650 3121 Ι
823 3027 980 3098 Iam
1051 3029 1374 3125 primurn
1435 3022 1753 3117 confiat,
1859 3043 1939 3097 vt
1993 3025 2112 3099 vel
2162 3050 2598 3127 argumenta

621 3124 844 3199 huius
895 3133 1251 3203 orationis
1301 3154 1345 3203 a
1386 3132 1770 3216 ManutiO‚
1854 3129 2224 3217 Graeuio,
2306 3150 2380 3203 et
2435 3131 2594 3204 aliis

624 3226 1038 3303 editoribus
1095 3233 1422 3329 praelixa
1467 3230 1787 3319 docent,
1869 3227 1990 3300 vel
2029 3256 2123 3303 ex
2163 3230 2383 3330 ipsius
2430 3258 2597 3306 ora-

621 3333 850 3403 tionis
882 3328 1212 3405 lectione
1250 3330 1401 3407 fine
1445 3329 1597 3404 vllo
1632 3335 1943 3429 negotio
1980 3338 2219 3430 potcl't
2262 3334 2598 3433 intelligi,

622 3433 710 3505 A.
776 3432 1146 3507 Licinium
1205 3433 1556 3507 Archiam
1585 3488 1602 3523 ,
1689 3434 1929 3533 patria
2012 3433 2597 3525 Antiochenum,

625 3558 864 3633 quum
920 3538 1219 3631 poetica
1271 3533 1498 3608 laude
1568 3558 1706 3634 per
1765 3559 2030 3608 onmes
2080 3533 2289 3608 Aliae
2348 3557 2596 3636 partes

625 3654 1132 3736 cunctamque
1191 3638 1584 3710 Graeciam
1623 3641 1945 3710 maxime
1984 3637 2320 3725 floreret,
2393 3657 2466 3709 et
2499 3637 2595 3709 ab

626 3735 976 3809 omnibus
1026 3734 1184 3809 fere
1242 3735 1609 3811 inferioris
1661 3736 1916 3813 Italiae
1952 3739 2255 3839 populis
2297 3739 2597 3836 expedi·-

625 3853 784 3924 tus,
854 3843 1178 3936 primum
1213 3866 1256 3911 a
1301 3842 1772 3932 Tarentinis,
1825 3839 2220 3933 llhegini5‚
2278 3843 2596 3914 Locren·-

623 3932 850 4027 libus,
932 3939 1484 4041 NeapolitaniS,
1570 3940 1890 4023 deiude,
1978 3946 2263 4015 Romae
2298 3938 2416 4010 vbi
2464 3968 2598 4040 per

623 4054 921 4139 tempus
959 4044 1277 4133 vixerat,
1323 4040 1421 4116 ab
1458 4041 2069 4120 Heracleeufibus
2122 4048 2423 4116 ciuitate
2466 4043 2600 4119 do·-

623 4157 844 4211 natus
892 4138 1103 4232 effet,
1158 4146 1236 4215 in
1281 4148 1602 4217 maxima
1652 4143 1861 4246 apud
1906 4148 2285 4245 principes
2334 4144 2603 4244 populi

623 4239 947 4314 Romani
975 4297 993 4332 ,
1044 4246 1380 4343 inprimis
1419 4244 1768 4320 Metellos
1832 4267 1908 4319 et
1949 4244 2342 4333 Lucullos»,
2387 4244 2602 4318 fuiffe

624 4346 855 4435 gratia
887 4395 906 4431 ,
981 4342 1624 4448 consecutumque
1684 4371 1947 4421 eorum
2024 4370 2295 4443 opera,
2378 4367 2456 4420 vt
2526 4367 2603 4422 et

620 4441 965 4516 Romana
999 4448 1303 4518 ciuitate
1352 4445 1778 4520 donaretur.
1882 4450 2074 4522 Satis
2106 4445 2342 4545 longo
2381 4453 2602 4523 inter-

624 4539 827 4614 vallo
868 4549 1108 4617 extitit
1155 4545 1393 4619 homo
1432 4544 1739 4646 quidam
1784 4547 2240 4635 maleuolus,
2298 4549 2598 4622 Gratius

622 4640 748 4715 vel
798 4644 1186 4725 Gracchus
1227 4652 1577 4735 nomine,
1670 4655 1801 4749 qui
1847 4669 2159 4751 poetae,
2239 4648 2424 4738 Syro
2462 4647 2597 4721 ho-

619 4745 832 4835 mini,
868 4743 1076 4824 hunc
1106 4753 1424 4827 ciuitatis
1455 4747 1825 4825 honorem
1853 4773 1928 4826 et
1973 4752 2378 4826 coniuncta
2422 4772 2599 4821 cum

2498 4871 2599 4924 00
