3909 5792
1213 536 1409 573 &um—*-

772 760 846 834 Pro
869 744 1004 829 Boeotii
1028 744 1145 851 scripsi
1167 750 1343 854 πωτξῷον,
1371 744 1482 849 quia,
1509 742 1535 819 fi
1557 744 1607 820 ad
1628 743 1703 821 Hel

775 860 868 933 durn
895 854 1109 940 referretur,
1135 848 1309 952 μέλαθρον
1336 846 1435 921 soret
1462 846 1536 921 fine
1566 848 1703 949 epitirer

775 958 894 1061 quoti,
911 954 975 1027 nist
989 952 1101 1025 aedes
1120 970 1366 1051 opponuntur
1379 948 1494 1049 spatio
1515 952 1614 1023 tircn
1628 952 1703 1023 aed

775 1081 814 1133 et
833 1078 919 1131 ante
943 1056 1075 1142 aedes,
1101 1050 1189 1124 ferri
1212 1056 1363 1153 nequit3
1386 1064 1455 1123 out
1481 1046 1507 1121 fi
1534 1076 1621 1123 cunr
1642 1056 1703 1147 pii

773 1158 855 1261 ὅροι
883 1162 1192 1253 coniungeretur,
1228 1156 1425 1225 ini'erretur
1452 1172 1624 1250 apertum
1651 1180 1703 1225 ιιιι

663 1326 665 1331 .
775 1258 948 1345 dacium,
993 1280 1109 1357 qutun
1145 1258 1283 1343 Curua,
1320 1254 1420 1325 vnde
1456 1254 1638 1325 oriundus
1677 1280 1701 1327 e

774 1360 974 1445 Heliodus,
1015 1355 1064 1426 nd
1087 1355 1259 1427 Aeolicus
1291 1352 1397 1425 rrbes
1431 1357 1468 1424 in
1493 1350 1575 1425 Aba
1601 1360 1703 1429 mino

774 1489 854 1535 non
878 1463 926 1532 nd
950 1459 1143 1529 Doeoticos
1169 1460 1208 1525 in
1232 1458 1409 1543 Graecia,
1437 1459 1631 1553 pertineat.
1685 1460 1703 1529 l

774 1567 859 1635 trias
878 1552 1060 1656 reliquiiie
1074 1554 1186 1627 uerlcs
1200 1558 1214 1625 1
1220 1553 1422 1640 lebedum,
1448 1580 1524 1627 non
1540 1562 1657 1655 iungis
1675 1584 1703 1631 ct

772 1684 870 1749 turn,
901 1683 1014 1759 quam
1040 1652 1185 1729 necess'e
1217 1656 1278 1727 eii.
1355 1660 1429 1729 Pro
1455 1662 1536 1729 ’Λσκ
1554 1664 1627 1731 otior
1663 1660 1703 1733 dt

771 1760 967 1885 Ἀπρίην,
1001 1760 1131 1829 Ionice
1154 1783 1224 1855 pro
1247 1754 1406 1879 ’'r’iovgnr,
1432 1777 1471 1829 vt
1490 1686 1651 1847 'nimmia
1680 1788 1703 1859 p

770 1858 913 1947 Ἀθηιη,
945 1856 1119 1949 ἀναγκαίη
1153 1882 1223 1958 pro
1254 1852 1390 1953 ανάγκη
1420 1856 1595 1931 scribitur.
1674 1864 1703 1933 Ρ

768 1986 893 2053 ιιιιιιιι,
916 1958 1131 2062 ΓιἈσκςιιῒοι
1150 1964 1348 2049 retinetur,
1361 1979 1521 2031 metrum
1541 1961 1703 2037 claudier

768 2090 859 2138 narn
886 2072 923 2135 in
951 2065 1116 2135 carmine
1132 2058 1309 2157 ”elegiaco
1339 2085 1418 2133 non
1448 2059 1555 2151 solet,
1591 2060 1684 2137 licut

767 2165 944 2254 heroico,
969 2160 1092 2235 breuis
1117 2158 1250 2253 syllaba
1270 2187 1339 2260 per
1359 2161 1544 2235 caesuram
1564 2164 1703 2261 produt

769 2284 871 2342 certe
890 2266 1005 2336 rarius
1022 2260 1168 2335 accidit.
1219 2263 1371 2335 Deinde
1391 2288 1518 2363 neque
1545 2264 1595 2335 od
1620 2262 1703 2337 Heli

767 2366 879 2454 dum,
905 2388 1032 2465 neque
1060 2362 1109 2435 ad
1129 2359 1237 2459 κώμην
1261 2365 1461 2437 commode
1477 2362 1605 2436 referri
1626 2386 1703 2467 potr

766 2474 949 2572 Ασιιςαῑσιι
971 2466 1109 2537 etenim
1129 2462 1223 2536 iilud
1247 2489 1316 2563 per
1335 2461 1508 2571 πρόληψιν
1530 2468 1638 2539 iieret
1662 2466 1700 2539 lr.

765 2566 793 2641 st
817 2568 910 2667 quid
933 2566 1070 2657 sentio,
1095 2564 1388 2654 intolerabilem
1422 2566 1497 2639 hoc
1512 2585 1640 2640 autern
1661 2568 1703 2640 tie

764 2688 866 2743 vetat
890 2667 1084 2768 epitheton
1097 2662 1300 2743 Ἑλικωνίδα.
1354 2671 1427 2741 Pro
1448 2662 1570 2761 ἔχονθ’
1590 2666 1703 2765 vulgat

765 2769 860 2845 cod.
881 2773 1044 2845 Venetus
1064 2766 1196 2841 habet:
1235 2761 1326 2861 ἔχων
1357 2760 1562 2843 Ἑλικωνίδα.
1594 2772 1703 2841 Lentu

762 2870 848 2973 ¹pius
884 2868 1024 2945 scribit:
1079 2862 1212 2961 imit-9²
1246 2864 1440 2945 ‘comitia
1468 2867 1602 2965 uoiprrr3
1629 2894 1703 2969 quo

759 2970 898 3077 probet
913 2968 1170 3046 Ruhnkenius.
1203 2968 1297 3039 Mihi
1316 2968 1404 3041 olim
1422 2967 1597 3068 placebat
1611 2966 1703 3043 ἑλόιξ

759 3084 800 3147 iit
829 3072 946 3147 sensus
977 3066 1082 3143 effet:
1108 3070 1257 3143 Patria
1279 3066 1362 3165 fica
1388 3071 1559 3151 relicta,
1585 3098 1703 3143 ιιοιιιιι

749 3174 832 3271 sthi
861 3175 1047 3272 patriam
1081 3168 1205 3268 elegit
1231 3196 1360 3270 prope
1387 3172 1634 3245 Heliconem.
1688 3179 1703 3245 i

664 3334 666 3339 .
757 3298 866 3361 vero,
895 3274 1196 3373 quotiescunque
1223 3268 1327 3345 hune
1362 3272 1490 3346 locum
1514 3298 1560 3345 ex
1586 3272 1700 3373 pristir

697 3402 699 3407 ·
756 3364 841 3447 ntea
867 3375 1102 3447 correctione
1123 3368 1208 3467 lego
1243 3390 1281 3444 et
1305 3372 1452 3473 relego,
1479 3379 1588 3447 toties
1618 3374 1703 3447 senti

753 3480 923 3547 ieiunum
940 3470 1130 3571 quiddam,
1153 3490 1190 3543 et
1203 3498 1382 3547 vacuum:
1408 3500 1481 3548 nec
1496 3478 1596 3547 eninr
1611 3474 1703 3547 videt

755 3576 848 3681 quid
870 3576 961 3643 tanti
979 3567 1020 3642 fit
1038 3575 1073 3641 in
1099 3570 1173 3661 his,
1203 3598 1300 3674 quae
1317 3596 1585 3649 cornrnenrortrt
1606 3598 1703 3675 poeti

727 3668 730 3675 ’
751 3692 792 3747 vt
806 3699 900 3772 opus
916 3670 956 3743 iit
969 3668 1214 3745 affirmatione
1229 3671 1324 3766 φημὶ.
1349 3672 1452 3771 Φημὶ,
1468 3682 1628 3776 inquam
1647 3676 1703 3747 itt

751 3778 821 3847 aio
855 3791 980 3869 atque
1015 3778 1245 3853 contendo,
1284 3778 1522 3870 Hefiodtrm,
1543 3794 1703 3875 perterrti

750 3877 872 3949 domo
888 3872 1034 3947 relicta
1047 3925 1062 3951 ,
1085 3874 1259 3968 Ascram
1272 3876 1409 3973 reniffe
1420 3929 1435 3957 ,
1454 3885 1586 3949 ou'cum
1600 3900 1703 3977 prop

749 3974 999 4051 Heliconem.
1072 3976 1178 4071 Quid
1208 3981 1300 4049 noui
1324 3968 1404 4067 hic,
1442 3979 1664 4079 quirbtuiri,
1693 4006 1703 4047 ι

748 4074 1016 4149 afferturatione
1039 4099 1135 4175 opus
1152 4075 1222 4149 fit?
1263 4080 1446 4179 Loquitur
1462 4080 1627 4165 historin
1662 4104 1703 4153 nt

746 4202 812 4253 mo
833 4195 954 4276 negat.
1006 4178 1052 4247 Iu
1072 4176 1174 4251 facto
1191 4182 1304 4277 igitur
1315 4176 1409 4251 nibil
1424 4178 1492 4267 est,
1518 4180 1622 4279 «quod
1636 4202 1703 4251 tor

1579 4274 1703 4357 finnat
