3909 5792
875 792 1070 875 m
1407 810 1460 914 59
1528 816 1535 847 ι

475 990 653 1099 bolarum
671 1015 1012 1120 repraesentatione
1026 1012 1100 1090 stne
1114 1015 1178 1092 vsu
1196 1013 1317 1093 fuisset
1330 1034 1369 1090 et
1383 1014 1462 1115 pla-
1559 1016 1561 1021 ’
1630 982 1634 987 ’

377 1210 379 1215 Ι
470 1149 532 1225 -ne
552 1122 861 1222 superuacaneus.
936 1122 998 1215 pr
1015 1114 1098 1216 ipsis
1123 1118 1376 1193 saltationibus
1397 1142 1462 1215 pa-

481 1250 567 1299 rum
586 1220 696 1295 nobis
719 1218 860 1294 constat
873 1225 915 1311 s).
967 1220 1054 1291 Hoc
1073 1228 1198 1292 tamen
1210 1221 1298 1294 licet
1317 1216 1427 1320 praes
1447 1258 1463 1275 ·

380 1331 382 1334 ’
483 1347 612 1412 mere,
646 1327 822 1422 tragicam
837 1320 1089 1409 saltationem,
1124 1321 1326 1416 ἐμμέλειαν,
1356 1326 1465 1392 itaet

455 1516 457 1522 Ι
485 1443 595 1499 motu
610 1421 759 1523 etgestu
775 1447 977 1521 corporum
1001 1420 1392 1521 comparatam‘suisse,
1424 1418 1465 1491 r't

429 1544 431 1549 ⁴
486 1551 584 1628 quos
599 1523 732 1598 chorus
747 1525 859 1597 cantu
876 1520 974 1609 suo,¹
997 1526 1194 1596 accinente
1206 1520 1364 1612 cithara,
1389 1520 1465 1593 rel-
1484 1534 1488 1541 “

487 1626 542 1701 let
553 1644 616 1698 aut
631 1623 750 1698 sensus
766 1621 938 1701 instillare
958 1614 1207 1722 spectatorum
1220 1629 1373 1713 animis,
1401 1636 1466 1698 aut
1539 1618 1543 1625 ’

486 1724 643 1801 affectus
667 1731 878 1814 concitare,
920 1747 987 1796 eos
1004 1728 1050 1797 ¹in
1067 1721 1278 1798 saltantibus
1304 1731 1378 1811 iam
1398 1723 1469 1795 du-

488 1828 580 1901 dum
605 1826 795 1911 instillatos
826 1844 864 1898 et
891 1830 1100 1898 concitatos
1123 1830 1280 1926 exprimi
1302 1823 1467 1898 animad-

485 1947 652 2015 verteres
659 1945 734 2017 pet
744 1924 858 1999 talem
870 1923 974 1997 fintte
987 1930 1101 2000 aninti
1115 1932 1294 2001 commoti
1303 1950 1372 2027 per
1386 1950 1468 2001 cca·
1544 1927 1575 2024 κ’

486 2055 577 2129 pus,
604 2053 673 2131 per
685 2026 871 2118 membra,
896 2051 966 2127 per
981 2026 1144 2125 vultum,
1170 2052 1398 2127 omnemque
1411 2033 1468 2099 in-

487 2127 625 2205 cessum
639 2127 941 2229 significationem
953 2124 1092 2205 summa
1103 2148 1181 2201 arte
1192 2129 1239 2201 ad
1252 2135 1467 2203 canentium

397 2274 399 2279 ·
486 2231 628 2308 modos.
643 2251 680 2304 et
703 2230 914 2302 harmonias
922 2230 1276 2319 ··accomrn'odatam‚
1316 2250 1356 2305 tt
1375 2253 1467 2329 prae

487 2331 643 2432 reliquis
667 2331 762 2405 baec
782 2329 921 2403 saltatio
942 2332 1123 2426 ἐμμελείας
1148 2338 1320 2421 nomine,
1355 2329 1466 2411 fiuea
1527 2376 1531 2385 v

488 2435 594 2530 μέλος
623 2450 783 2520 cantus,
827 2429 903 2504 siue
929 2458 951 2503 a
975 2435 1062 2526 μέλη
1085 2433 1467 2522 membro-deducas,

487 2533 670 2635 appellari
695 2537 881 2611 meruerit.
958 2537 1163 2635 Propterea
1190 2530 1301 2608 etiam
1328 2533 1364 2606 se
1391 2554 1468 2605 tam
1530 2573 1532 2578 ·

489 2640 628 2708 mirum
646 2638 685 2706 in
702 2633 859 2707 modum
880 2636 1161 2715 commendauit
1171 2635 1319 2708 Platoni
1338 2638 1392 2728 t),
1416 2656 1468 2727 vt,

493 2740 560 2839 qui
576 2730 830 2809 'seuerissimus
856 2731 943 2808 esset
964 2740 1004 2807 in
1022 2734 1234 2815 instruenda
1260 2734 1467 2837 republica,

384 2905 386 2909 .
491 2857 530 2910 et
548 2840 699 2929 omnia,
748 2859 845 2934 quae
859 2861 1010 2909 morum
1024 2836 1203 2936 probitati
1222 2841 1470 2937 etintegritati

490 2934 706 3026 officerent,
733 2955 877 3008 remota
893 2936 1022 3027 vellet,
1049 2944 1090 3011 in
1106 2936 1241 3051 quihus
1263 2945 1374 3013 etiam
1392 2936 1471 3048 ple-

489 3062 609 3141 saque
627 3034 862 3110 saltationum
878 3030 1033 3137 genera,
1071 3044 1103 3111 is
1123 3058 1250 3137 tamen
1266 3039 1368 3113 illam
1384 3064 1471 3140 prc-

455 3162 458 3169 ’
490 3141 583 3214 bare
594 3145 682 3210 etin
695 3135 888 3241 republica
901 3136 962 3215 sua
977 3140 1159 3214 inducere
1174 3166 1254 3215 non
1272 3141 1471 3227 dubitaret.
1502 3170 1506 3175 ·

490 3245 548 3318 Ex
564 3263 642 3340 quo
660 3263 739 3310 non
752 3234 827 3337 bne
841 3243 1004 3313 veritatis
1016 3238 1140 3342 specie
1159 3240 1336 3340 colligere
1351 3238 1473 3340 possu-

493 3369 597 3431 mus,
628 3365 776 3412 morum
791 3361 1014 3441 praecepta,
1045 3368 1149 3442 ‚quae
1167 3362 1283 3444 poeta
1301 3368 1388 3417 cum
1403 3367 1474 3441 pet·

493 3467 649 3517 omnem
668 3439 854 3530 subulam,
908 3463 988 3517 tum
1002 3466 1091 3541 retp
1109 3442 1174 3517 sub
1196 3443 1302 3519 ebori
1344 3440 1475 3519 ersona

405 3543 407 3547 ’
492 3540 662 3627 studebat
676 3538 939 3649 spectatoribus
955 3548 1171 3651 iniungere,
1195 3543 1302 3623 hacs
1332 3550 1476 3619 tatione

1297 3694 1299 3698 ι
1334 3692 1337 3696 ,
1393 3670 1475 3723 non

523 3888 571 4005 s)
593 3912 766 4064 Inpentent
789 3912 967 3978 nominum
984 3912 1236 3983 multitudinem
1252 3914 1388 4005 collegit
1401 3912 1478 3980 Me-

583 4023 624 4064 ur
637 4022 687 4064 tus
707 4002 743 4069 iu
760 3996 935 4064 Orchestra
955 3998 997 4067 T.
1012 4000 1097 4069 vlu.
1112 4002 1210 4071 Thes.
1232 4004 1386 4071 Gronov,
1400 4001 1478 4065 Me-

436 4121 438 4124 ·
579 4083 666 4153 liora
680 4084 780 4150 docet
791 4084 929 4149 Rurette
942 4083 987 4150 de
999 4088 1039 4153 lo
1054 4089 1128 4153 dan
1143 4114 1163 4155 e
1176 4090 1236 4159 des
1249 4090 1418 4159 Ancum,
1439 4087 1477 4150 in

508 4246 512 4253 ,
557 4168 691 4239 Mem.
709 4169 752 4235 de
771 4169 914 4260 l'slcad.
930 4170 989 4237 des
1000 4173 1099 4241 Inscr.
1116 4093 1159 4243 ⁵s.
1171 4178 1197 4250 l.
1210 4202 1243 4267 p.
1264 4198 1335 4243 121.
1349 4188 1383 4243 et
1394 4171 1478 4236 Pot-

584 4272 638 4322 tet
656 4252 833 4323 Archaeol.
847 4255 888 4321 T.
906 4256 958 4323 lll.
975 4283 1008 4348 p.
1022 4263 1096 4329 622.
1125 4286 1166 4329 ex
1179 4261 1261 4329 vers.
1269 4256 1389 4339 Bamb.
1400 4253 1477 4320 Sul-

584 4365 643 4408 κει·
664 4341 688 4410 s.
718 4344 815 4412 Tana
834 4357 868 4409 et
889 4342 1020 4413 Ballet.
1049 4349 1176 4416 Browu
1197 4351 1292 4416 Beer.
1311 4346 1397 4410 iiber
1419 4338 1480 4407 dio

583 4425 709 4513 Potfie
725 4428 801 4497 und
815 4426 943 4519 qutlr.
958 4455 992 4522 p.
1012 4436 1082 4505 168.

545 4548 575 4653 t)
593 4562 639 4629 do
654 4562 760 4655 Legg.
772 4562 833 4637 lib.
848 4561 919 4632 vlt.
938 4588 972 4654 p.
984 4572 1059 4655 375.
1074 4570 1118 4638 Τ.
1135 4568 1222 4638 vni
1234 4568 1373 4661 Bipont.
