3909 5792
501 579 553 637 ἰο
621 570 625 586 ’
673 584 677 591 ·
890 592 1085 611 *me—-

500 761 652 865 Quibus
667 761 799 831 merito
813 783 1035 833 annumeres
1054 782 1165 832 canu.
1176 759 1286 837 LVII.
1297 782 1373 861 quo
1380 764 1492 835 reris⁷

499 854 764 939 amoenitatem
781 878 817 932 et
827 866 1152 961 opportunitatem.
1160 866 1405 962 nauigationis
1419 885 1479 936 ce-

482 962 652 1059 lebrat,
666 959 769 1063 quod
790 986 868 1033 non
886 962 1027 1061 pigebit
1046 959 1238 1051 contulisse
1252 966 1475 1038 cumHorat.

496 1062 650 1141 '0d.lib.
661 1064 690 1149 I,
707 1069 742 1145 4.
769 1059 832 1135 lib.
843 1067 906 1153 IV,
921 1092 956 1161 7.
1007 1064 1132 1135 Tanta
1145 1081 1270 1135 autern
1281 1068 1322 1135 in
1338 1087 1385 1138 eo
1402 1062 1479 1137 elu-

501 1161 760 1251 cetvenustas,
789 1184 912 1236 tantus
932 1163 1190 1263 regnatlepos,
1217 1164 1348 1255 vtalii,
1375 1165 1478 1240 idem

496 1283 758 1366 argumentum
774 1283 992 1353 tractantes,
1019 1263 1112 1335 illud
1127 1268 1261 1335 imitari
1275 1290 1354 1337 non
1371 1264 1477 1347 dubi·

468 1385 471 1399 '
496 1374 627 1455 tarint3
652 1364 1073 1463 vtAntipaterSidonius
1089 1367 1131 1437 C.
1151 1368 1343 1437 XXXVII.
1365 1368 1411 1436 Τ.
1427 1369 1473 1439 II.

373 1472 376 1481 '
494 1472 556 1543 Br.
571 1496 608 1569 p.
634 1469 689 1545 16.
741 1467 890 1538 Marcus
906 1466 1144 1559 Argentarius
1163 1468 1206 1538 C.
1219 1469 1357 1539 XXIV.
1367 1466 1414 1535 T.
1426 1470 1472 1540 11.
1546 1460 1550 1469 ⁵

495 1568 537 1678 p.
552 1597 636 1665 271.
690 1566 851 1656 Satyrius
870 1548 1039 1656 Thyillus
1058 1567 1101 1638 C.
1118 1569 1289 1643 V.etV1.
1309 1566 1355 1637 T.
1373 1567 1471 1664 Hip.

363 1668 372 1695 ''
495 1696 583 1769 277.
637 1662 811 1759 Quorum
833 1664 1056 1738 canninibus
1073 1669 1171 1739 inter
1189 1664 1225 1739 se
1249 1669 1473 1766 comparatis

496 1789 535 1842 et
549 1769 776 1855 examinatis
794 1791 874 1837 non
884 1762 1041 1867 possum,
1065 1772 1156 1869 quin
1168 1768 1375 1841 Leonidam
1385 1780 1485 1841 cum·

490 1866 683 1953 ¹Venusino
698 1886 781 1940 vate
797 1887 996 1941 canentem
1010 1866 1164 1943 faciam:
1189 1872 1320 1944 Aetas
1325 1890 1484 1969 parem

492 1988 580 2059 tum
589 1976 706 2075 peior
721 1975 808 2042 auis
828 1969 923 2042 tatic
935 1997 1007 2042 nos
1022 1976 1254 2069 nequiores,
1288 1996 1384 2043 mox
1400 1971 1484 2057 dau-¹

492 2092 605 2157 turos
620 2076 855 2169 progeniem
877 2071 1123 2167 vitiosiorem.
1175 2075 1346 2183 Inprimis
1369 2074 1473 2159 Anti·

491 2192 600 2275 pater
610 2172 673 2245 iile
682 2171 871 2263 Sidonius,
892 2173 1028 2273 quibus
1045 2172 1281 2270 nosterbene
1293 2173 1472 2247 abstinuit

491 2301 516 2348 e
543 2274 682 2363 idiotis,
711 2299 829 2374 quum
843 2280 918 2346 iam
934 2271 1000 2373 ipsi
1012 2279 1066 2347 rei
1082 2271 1123 2345 srt
1134 2281 1281 2347 narinus
1301 2274 1417 2349 decor
1432 2294 1472 2349 et

409 2448 412 2455 ,
530 2380 684 2475 egentia,
713 2379 757 2449 iis
774 2374 951 2473 congestis
969 2395 1007 2448 et
1018 2374 1177 2451 consutis
1188 2374 1423 2477 praeclarum
1435 2373 1473 2451 se

489 2482 715 2551 imitatorem
731 2473 839 2575 egisse
854 2496 971 2576 putat.
1013 2475 1093 2549 Sed
1111 2476 1161 2550 de
1173 2502 1219 2551 eo
1232 2477 1333 2550 idem
1347 2477 1473 2553 valere

490 2578 774 2667 contenderim,
828 2574 931 2676 quod
952 2578 1152 2676 Sontagius
1169 2603 1274 2651 meus
1292 2583 1333 2649 in
1347 2576 1469 2655 histor.

372 2766 375 2775 Ι
487 2677 646 2787 poeseos
677 2678 741 2750 Gr.
770 2676 949 2756 breuioris
967 2704 1006 2779 p.
1028 2680 1089 2763 23.
1112 2680 1161 2752 de
1183 2678 1374 2779 Meleagro
1397 2680 1471 2755 ele-

488 2776 692 2883 gantissime
708 2777 859 2851 docuit:
905 2804 992 2851 eum
1008 2804 1095 2853 nem
1127 2786 1315 2879 eingenio
1330 2778 1469 2856 luxuri-

486 2901 576 2957 ante
592 2899 630 2953 et
640 2876 798 2953 Asiatico
817 2877 968 2951 seruere
989 2806 1177 2955 intersum
1195 2879 1326 2980 abripi.
1397 2888 1470 2958 Ex!

487 2981 657 3101 emplum
680 2977 729 3051 est
745 3005 777 3063 c,
795 2983 932 3054 XCIX.
950 2984 997 3053 T.
1015 2984 1061 3053 11.
1079 3008 1117 3083 p.
1134 2984 1195 3068 54.
1233 2980 1296 3056 vbi
1312 2989 1469 3061 immen-

486 3086 565 3160 sum
588 3081 732 3155 luctum
753 3081 939 3183 depingit,
976 3100 1014 3156 et
1035 3083 1278 3176 emros'velli,
1310 3086 1467 3185 pulvere

487 3182 702 3283 conspergi,
752 3180 870 3259 stdera
894 3203 931 3257 et
954 3184 1084 3256 lunam
1109 3182 1293 3261 obfuscari
1317 3208 1356 3271 et
1377 3188 1466 3262 defi-

485 3311 602 3373 cere,
642 3286 853 3384 Aegyptum
877 3303 915 3357 et
939 3303 1058 3369 totam
1079 3289 1271 3386 Europam
1305 3289 1465 3389 querelis

483 3385 680 3483 indulgere
702 3382 802 3457 iacit.
855 3390 903 3459 At
924 3412 1004 3460 non
1025 3386 1191 3486 polium,
1234 3392 1326 3489 quin
1345 3388 1464 3491 ipsum

483 3487 613 3575 locum
642 3483 863 3565 adscribam:

533 3635 658 3715 πολλοὶ
672 3632 858 3736 visitari?
869 3633 1079 3743 ὄλοφύςατο,
1106 3636 1224 3744 χεζσέν
1241 3636 1388 3733 ὁμοίως

579 3731 803 3841 Λνδςὸμιχος
818 3733 974 3842 dropegot'r
991 3733 1117 3843 κςατδς
1129 3736 1255 3842 ὕπεςθε
1266 3736 1360 3815 astar·

532 3840 560 3915 oi
576 3835 724 3933 μεγάλα
735 3834 765 3913 d'
783 3836 957 3929 Αὶῗγυπτος
974 3837 1035 3923 iaia
1047 3837 1219 3930 ὤλόψατο
1232 3844 1370 3935 χαίταν

501 3962 508 3985 ²
579 3938 641 4026 tra)
656 3934 799 4015 πλατῦς
811 3936 983 4041 ’Enguinos
996 3938 1187 4039 ἑςονοὲχησε
1201 3935 1307 4031 δόμος.
1389 3998 1393 4005 .

477 4124 481 4130 .
528 4037 593 4127 Ka}
611 4037 640 4119 δ’
654 4036 751 4111 dorii
765 4032 824 4113 ini
840 4036 967 4119 πένθος
985 4039 1234 4161 ἀμαυςωθεῑσω
1246 4046 1388 4127 >liberta

526 4172 529 4178 ¹
571 4132 1119 4248 'Aegnuaiigurioecdrgoemrac
1136 4142 1261 4222 imiter·

1322 4300 1464 4373 Nonne
