3909 5792
824 534 1016 577 m

443 552 487 599 12

343 711 355 751 '
448 747 538 800 vuae
567 724 607 799 in
632 748 719 800 arce
739 721 1018 799 Atheniensium
1046 720 1233 801 collocata
1255 746 1335 813 etat
1354 733 1415 820 (v.

436 754 591 904 seusam
610 828 635 901 l.
652 832 679 899 s.
702 852 739 925 p.
759 834 843 918 44.)
858 846 1029 901 enarrato
1045 824 1183 901 lasciuo
1201 830 1417 905 Anacreon-

434 934 483 1005 tis
502 920 652 1018 habitu,
678 925 835 999 vestibus
852 928 900 1000 ad
912 929 1030 1025 pedes
1049 926 1225 1021 demissis,
1252 930 1354 1031 pede
1366 931 1417 1005 al·

434 1051 519 1104 tero
539 1027 775 1118 discalceato,
803 1048 840 1100 et
852 1028 942 1117 aliis,
971 1052 1070 1131 quae
1087 1027 1231 1103 ebrium
1246 1052 1416 1131 arguant,

434 1129 560 1206 iocose
578 1128 733 1204 claudit:
768 1126 871 1203 α’λλῶ
884 1126 998 1235 πάτος
1012 1124 1156 1215 Διόνυσε,
1177 1128 1332 1222 φύλασσέ
1347 1155 1416 1230 μιν·

313 1232 316 1239 ’
397 1266 403 1273 ·
433 1231 457 1312 ἐ
474 1219 544 1328 γάρ
562 1227 659 1304 ἔοικεν
682 1231 721 1303 ἐκ
736 1226 863 1325 Βάκχε
882 1230 1020 1304 πίπτειν
1035 1225 1236 1326 Βακχιακόν
1253 1229 1413 1336 Simu.

420 1330 564 1408 'Passim
585 1336 697 1406 etiam
719 1331 875 1411 moralia
897 1331 1094 1423 admiscet,
1119 1352 1159 1405 vt
1177 1358 1290 1406 carm.
1309 1338 1412 1410 XVI.

432 1453 473 1508 et
493 1436 569 1508 LV.
628 1431 761 1507 Euthia
788 1432 981 1523 omnibus,
1023 1456 1122 1535 quae
1144 1437 1221 1508 iam
1246 1430 1413 1516 breuiter

433 1534 726 1634 disputauimus,
747 1533 984 1633 intelligitur,
1004 1533 1196 1609 Leonidae
1209 1533 1412 1633 hocinpri·

430 1640 501 1711 mis
521 1633 666 1709 crir'nini
683 1633 762 1708 dari
776 1632 900 1734 posse,
956 1634 1054 1726 uod,
1083 1660 1201 1735 quum
1214 1655 1290 1708 tam
1305 1660 1411 1730 prae·

430 1736 535 1815 claro
550 1733 663 1809 suerit
679 1739 830 1834 ingenio
849 1752 886 1845 pt
901 1661 953 1809 ad
967 1736 1289 1836 magnificentiora
1304 1761 1411 1836 argu·

430 1855 558 1913 menta
581 1862 694 1937 quam
715 1844 875 1911 maxime
892 1836 1055 1924 idoneo,
1104 1835 1205 1911 l'euia
1224 1855 1351 1911 tamen
1372 1853 1411 1909 et

429 1937 550 2015 sutilia
567 1935 747 2037 aggressus
764 1935 805 2013 fit
821 1938 1024 2013 tractanda.
1058 1940 1133 2013 Pro
1147 1937 1291 2013 summo
1308 1941 1411 2011 enim

428 2045 571 2141 ingenii
591 2044 741 2138 vigore,
794 2034 912 2143 quum
932 2039 1078 2141 semper
1092 2038 1204 2114 vellet
1221 2036 1410 2140 assurgere

430 2161 470 2217 et
483 2147 524 2215 in
540 2140 658 2215 altum
674 2145 784 2232 eniti,
820 2144 1051 2231 etiamtum,
1081 2167 1199 2245 quum
1218 2145 1259 2216 in
1274 2136 1410 2214 humil·

429 2243 519 2318 lima
534 2268 576 2315 re
606 2241 691 2314 ebat
710 2247 863 2317 materia
885 2261 923 2316 et
940 2240 1092 2342 pastoris
1113 2268 1244 2341 peram
1261 2261 1327 2317 aut
1371 2264 1408 2315 e·

428 2269 761 2420 dumcessebrabat:
782 2342 923 2419 sactum
933 2341 993 2433 est,
1012 2341 1298 2419 vtintolerabile
1312 2267 1408 2415 itsdd

429 2467 467 2521 et
483 2444 561 2518 sere
578 2444 730 2519 borease
746 2443 859 2543 frigus
873 2443 1025 2537 afflaret,
1039 2443 1145 2546 quod
1157 2443 1219 2519 vel
1233 2440 1410 2519 fervidio-

426 2553 476 2624 ris
501 2545 651 2621 lectoris
672 2567 770 2621 artus
796 2567 969 2648 occupat.
1021 2550 1120 2620 Nam
1140 2572 1218 2647 quo
1241 2548 1406 2619 ornatius

428 2668 467 2723 et
482 2646 776 2743 magnificentius
793 2665 1054 2747 argumentum
1066 2647 1126 2738 est,
1140 2645 1246 2747 quod
1261 2662 1404 2735 tractat,

427 2774 476 2824 eo
495 2746 690 2831 rotundius
706 2767 743 2821 et
756 2745 958 2846 elegantius
978 2771 1130 2822 carmen
1147 2747 1246 2837 fluit;
1271 2751 1342 2837 ita,
1364 2762 1406 2819 vt

426 2852 578 2946 cognita
593 2867 703 2921 antea
718 2854 925 2946 argumenti
939 2849 1181 2938 conditione,
1217 2850 1402 2937 carminis,

424 2949 486 3025 vel
503 2949 674 3021 nondum
691 2948 796 3040 lecti,
821 2956 972 3024 virtutes
983 2947 1101 3027 ‘facile
1115 2953 1334 3025 coniectura
1348 2973 1405 3021 as·

423 3050 528 3153 sequi
542 3071 579 3124 et
592 3047 693 3152 quali
709 3050 913 3151 praesagire
929 3046 1051 3154 possis.
1102 3054 1183 3125 Iam
1202 3049 1312 3140 mihi,
1343 3075 1404 3124 ex·

423 3152 603 3255 emplum.
631 3178 718 3226 cum
732 3156 873 3246 ingenii
888 3151 1081 3227 Leonidae
1098 3155 1294 3225 Tarentini
1309 3156 1403 3224 eius·

424 3278 501 3355 que
524 3251 704 3353 poeseos,
744 3271 824 3325 tum
852 3259 1007 3327 omnino
1030 3250 1247 3328 breuiorum
1273 3256 1404 3328 carmi·
1475 3306 1478 3313 ·

421 3381 538 3442 num,
571 3360 721 3455 quaein
741 3353 968 3454 Anthologia
985 3356 1131 3429 Graeca
1148 3359 1400 3445 continentur,
1482 3441 1491 3451 ,Ι

422 3453 837 3553 exhibituro‚'inprimis
857 3456 969 3531 visum
985 3454 1052 3547 est,
1087 3482 1238 3541 carmen
1255 3453 1402 3555 elegan-

419 3552 603 3647 tissimum,
627 3561 666 3628 in
679 3557 976 3650 Anadyomenen
998 3556 1141 3632 conseri
1170 3577 1260 3648 tum,
1287 3556 1402 3631 edere

418 3660 596 3729 notisue
623 3656 818 3731 islussrare:
860 3684 907 3732 eo
928 3664 1029 3734 enim
1052 3657 1126 3731 hau
1166 3658 1253 3733 scio
1277 3652 1326 3731 an
1348 3656 1402 3733 vl·

417 3755 498 3847 lum
519 3685 560 3829 sst
575 3758 767 3830 Leonidae
784 3778 821 3829 et
841 3780 1061 3860 argumento
1080 3758 1333 3860 praestantius,
1362 3778 1402 3834 et
1443 3786 1446 3790 ⁵

418 3856 693 3958 composrtione
714 3863 889 3934 ornatius.
942 3866 1004 3936 De
1018 3858 1164 3961 singulis
1188 3866 1267 3936 eius
1288 3867 1401 3939 virtu·

417 3958 519 4037 tibus
540 3958 604 4034 suo
623 3959 712 4036 loeo
733 3957 888 4035 dicetur.

1299 4269 1400 4366 Epi·
