3909 5792
595 582 665 637 100
987 562 1174 605 e===

590 757 645 830 bit
663 753 862 854 expedire,
915 779 1015 855 quae
1035 763 1130 831 ratio
1147 754 1213 846 stt,
1260 779 1334 855 qua
1355 752 1446 829 huic
1462 752 1571 826 dulci

591 854 784 930 misceatur
803 856 906 927 erile.
960 856 1111 931 Scilicet
1129 858 1204 930 hoc
1225 882 1339 929 vnum
1360 860 1572 954 requiritur,

492 1002 496 1017 -.
593 978 631 1029 vt
645 974 777 1056 poeta,
808 957 883 1029 hoc
901 956 967 1047 est,
998 958 1116 1031 homo
1133 958 1195 1029 alit
1212 982 1260 1029 uo
1272 956 1388 1027 modo
1404 953 1570 1043 affectus,

593 1050 745 1131 etesias
775 1054 924 1139 afficere
953 1065 1133 1159 cupiens,
1188 985 1295 1129 suvir
1318 1056 1439 1127 bonus
1458 1078 1574 1156 atque

591 1156 787 1244 honestus;
815 1161 878 1256 qui
901 1155 925 1229 st
947 1156 1080 1249 suerit,
1107 1154 1199 1231 nihil
1216 1156 1480 1246 admirabitur,
1510 1151 1576 1227 nist

593 1258 700 1361 quod
715 1284 891 1357 magnum
911 1279 948 1331 et
960 1263 1119 1332 arduum
1134 1277 1198 1331 aut
1214 1255 1427 1355 ageneroso
1443 1284 1487 1331 ae
1500 1257 1576 1328 sor-

594 1364 760 1434 tienimo
778 1359 915 1457 gestum
928 1359 987 1449 sit3
1027 1360 1120 1431 nihil
1136 1358 1296 1445 timebit,
1323 1354 1386 1427 nist
1403 1352 1508 1455 quod
1526 1355 1544 1428 s
1560 1397 1577 1414 ·

594 1467 711 1561 pienti
729 1463 859 1531 timere
876 1466 1093 1547 conueniat3
1126 1458 1217 1529 nihil
1233 1454 1482 1545 miserabitur,
1509 1452 1577 1527 nist

596 1562 701 1663 quod
718 1560 949 1631 mis'emtione
968 1560 1122 1658 dignum
1140 1560 1281 1629 iudicet
1294 1562 1457 1656 optimus
1477 1561 1576 1653 quis-

596 1688 698 1761 que;
748 1658 839 1729 nihil
856 1685 984 1731 amore
1029 1658 1265 1759 roscquetur,
1312 1654 1377 1760 nist
1391 1655 1576 1758 quodha-

595 1760 682 1833 beat
692 1764 731 1829 in
743 1758 776 1830 se
791 1762 943 1831 virtutes
958 1687 1024 1831 ves
1031 1755 1327 1859 sapientissimum
1343 1758 1391 1829 ad
1406 1782 1575 1829 amorem

519 1866 523 1873 “
595 1863 813 1946 inuitantes;
834 1856 1196 1948 nihilodiohabehit,
1219 1856 1283 1930 nisi
1293 1858 1576 1960 quodomnium

595 1959 929 2035 bonorum'odium
944 1965 1208 2033 commeruerit
1226 1961 1274 2051 *).
1327 1961 1432 2033 Sicut
1449 1978 1577 2031 autem

597 2066 636 2137 in
655 2058 718 2132 tali
731 2080 864 2160 poem,
910 2066 973 2161 qui
989 2065 1043 2133 vir
1063 2060 1185 2133 bonus
1200 2058 1249 2133 est
1261 2079 1298 2133 at
1328 2086 1375 2134 ue
1390 2058 1577 2148 honestus,

598 2161 783 2237 eiusmodi
796 2158 951 2234 affectus
967 2162 1151 2235 moderati
1163 2160 1244 2233 sunt
1257 2087 1356 2235 etsie
1368 2160 1511 2261 semper
1526 2160 1579 2231 di·

597 2266 709 2352 recti,
732 2281 771 2335 vt
785 2260 962 2337 bonitatis
976 2283 1015 2337 et
1026 2262 1224 2336 honestatis
1241 2259 1345 2335 laudi
1360 2286 1440 2333 non
1459 2261 1577 2334 detra·

598 2364 708 2452 hant,
751 2367 803 2433 ita
821 2361 902 2435 sieri
918 2368 1069 2465 nequit,
1104 2382 1142 2434 vt
1154 2362 1216 2436 hic
1230 2362 1321 2437 tales
1339 2369 1378 2434 in
1393 2361 1472 2435 aliis
1491 2357 1583 2433 affe·

601 2483 684 2539 ctus
713 2466 924 2554 concitare,
968 2469 1253 2637 concitatostffire
1277 2468 1417 2536 nutrire
1444 2461 1581 2562 gestiat,

602 2565 668 2666 qui
685 2562 896 2636 animorum
912 2570 1153 2640 innocentiae
1171 2591 1194 2638 o
1225 2562 1357 2657 essent,
1386 2584 1423 2637 et
1438 2567 1583 2636 virtutis

600 2664 761 2740 studium
779 2662 1010 2751 hebetarent.
1063 2670 1210 2757 Homo,
1245 2671 1312 2766 qui
1325 2664 1426 2739 bona
1437 2662 1585 2766 praedi·

1523 2785 1584 2839 tus

694 3042 825 3110 bitrem
851 3037 1118 3131 Ingredrferizien
1175 3048 1339 3127 leiclrsom
1366 3070 1410 3115 zu
1435 3048 1587 3115 mirdem
1615 3119 1616 3123 ,

694 3130 771 3193 und
795 3152 840 3194 zu
866 3133 1042 3224 roffam.
1092 3073 1357 3223 Ebibenburgius
1388 3137 1524 3226 quidem
1550 3160 1585 3226 p.

693 3219 769 3300 590.
793 3215 893 3295 haee,
930 3234 1049 3307 utpote
1069 3221 1105 3285 in
1125 3224 1310 3287 uniuersum
1331 3224 1438 3297 ‹tieta,
1472 3222 1588 3289 lorum

630 3364 632 3369 ,
694 3300 819 3363 habere
839 3318 957 3452 neffat,
1003 3305 1090 3370 etad
1109 3311 1223 3371 mixtas
1239 3324 1371 3375 tamum
1387 3314 1488 3376 enimi
1506 3308 1588 3383 affe-

620 3396 627 3409 “
693 3388 824 3450 ctiones
840 3408 875 3450 re
903 3386 1063 3476 ungenda
1086 3393 1195 3458 censet
1214 3392 1306 3482 (coll.
1321 3418 1407 3486 quae
1420 3387 1590 3461 Mendesi-

696 3468 784 3535 filius
798 3471 915 3537 docuit
928 3477 964 3538 in
978 3475 1095 3564 philos.
1108 3479 1274 3545 Schriften
1289 3483 1330 3547 T.
1344 3484 1382 3549 fl.
1397 3507 1429 3571 p.
1444 3485 1535 3573 28.):
1553 3497 1590 3548 at

697 3556 820 3622 eodem
845 3560 980 3637 tendit,
1025 3567 1084 3651 qui
1115 3566 1220 3630 musto
1249 3566 1367 3633 elarius
1398 3587 1432 3633 et
1458 3586 1588 3633 acutius

691 3664 832 3708 omnem
860 3668 930 3709 rem
961 3649 1130 3737 exposuit,
1163 3653 1441 3724 martenum-us,
1478 3658 1590 3721 Urber

695 3728 761 3796 das
783 3730 1014 3818 Augenehme
1035 3756 1082 3799 an
1104 3757 1286 3828 rrnurrgeu
1304 3741 1589 3825 Vorsh·slurt;3·ae›rz,·

589 3876 593 3885 ,
643 3832 646 3839 “
697 3815 735 3879 in
756 3815 891 3880 Caei'urs
909 3819 1256 3899 Denkwiirdiekciten
1280 3848 1337 3891 aus
1358 3826 1418 3893 der
1439 3826 1591 3919 phisoso-
1631 3818 1635 3823 Ι

585 3900 613 3967 0
637 3916 642 3923 '
697 3900 857 3989 phischeu
873 3904 985 3987 Welt,
1010 3906 1052 3973 Τ.
1066 3907 1106 3975 V.
1121 3894 1156 3999 Ρ
1172 3912 1223 3996 ab.
1240 3910 1328 4003 seqq.
1345 3948 1349 3955 ·

648 4032 679 4125 *J
694 4033 833 4103 Huncin
845 4062 916 4104 rem
930 4048 1073 4109 omniuo
1082 4046 1228 4112 conferri
1242 4049 1586 4129 debetHeyniiCom-

694 4129 860 4226 mentatio
876 4127 922 4191 de
937 4152 1071 4196 morum
1087 4139 1119 4197 νί
1139 4135 1189 4199 ad
1199 4140 1342 4223 seusium
1354 4126 1591 4224 priscstrirucsi-

690 4231 770 4369 Jnis,
802 4238 908 4367 ,rictu
928 4237 1019 4303 arces
1028 4239 1242 4307 jectamur.
1254 4276 1256 4283 .
1270 4228 1308 4291 iu
1322 4226 1393 4307 etus
1405 4220 1533 4312 opusc·
1547 4220 1590 4285 T·

708 4319 773 4393 ΑΡ)
794 4324 821 4367 ¹·
850 4324 928 4396 “qq-
