3909 5792
487 762 623 831 Viuida
639 784 748 859 quum
762 762 883 851 poscat
900 766 1177 849 epigrammata,
1208 779 1348 827 mortua
1360 767 1463 849 ponis

526 884 713 949 Lemmata
726 906 737 947 .·
760 881 910 971 quifieri
920 926 931 949 ‚
955 884 1162 947 Caeciliano
1175 930 1184 963 ,
1204 880 1349 968 potest?

484 1003 600 1087 Mella
612 1007 710 1069 iubes
729 1003 897 1090 Hybtaea
913 1003 982 1066 tibi
989 1046 1002 1069 ,
1027 1005 1079 1065 vel
1092 1001 1278 1088 Hymettia
1293 1004 1404 1089 nasci,

529 1124 581 1190 Et
598 1124 721 1221 thyma
738 1126 929 1213 Cecropiae
943 1117 1086 1201 Corfica
1094 1124 1198 1209 porris
1217 1124 1288 1211 api.

487 1382 644 1457 Martial.
663 1383 688 1457 l.
701 1388 767 1457 XI.
782 1410 841 1484 ep.
857 1383 917 1468 43.
938 1378 985 1453 cf.
998 1375 1152 1476 Lelling.
1170 1378 1216 1449 V
1210 1405 1303 1450 erm.
1316 1366 1467 1475 'Schrif-

438 1500 441 1509 '
487 1502 556 1559 ten
572 1488 618 1555 T.
632 1489 662 1556 1.
677 1512 816 1586 p.217.
836 1484 908 1582 leq.
963 1478 1465 1553 Cuiusmodirebusleuiitus
1524 1520 1527 1525 ⁴

489 1610 541 1661 ae
550 1590 660 1673 tritis,
689 1612 806 1683 quum
820 1602 856 1655 et
868 1583 1058 1655 Leonidae
1076 1580 1180 1652 lllul'a
1199 1581 1234 1651 se
1247 1585 1465 1669 exercuerit,

429 1673 433 1683 ¹
488 1710 628 1783 easque
643 1683 702 1757 vel
715 1681 894 1755 vilil'iimas
916 1686 1130 1782 arripuerit,
1157 1707 1234 1753 nou
1255 1686 1389 1753 mirum
1406 1680 1466 1770 est,

489 1782 740 1872 cultillirnum,
769 1802 807 1855 et
818 1781 1076 1855 viuidiffiunun
1089 1786 1297 1879 ingenium,
1326 1808 1404 1882 quo
1418 1786 1469 1853 vi-

490 1882 603 1986 guille
620 1904 768 1985 poetam
782 1884 973 1990 praeclatp
986 1883 1131 1984 aliquot
1141 1888 1305 1957 carmina
1317 1885 1466 1973 docent,

490 1984 680 2061 interdum
699 1984 894 2063 luxuriulle
905 1980 916 2075 ,¹
953 1991 1126 2084 viresqne
1143 1983 1221 2055 luas
1240 1984 1362 2057 alieno
1379 1982 1468 2058 loco

490 2084 697 2162 intendiffe.
749 2089 839 2183 Quo
858 2092 969 2159 etiam
985 2084 1201 2177 factumest,
1229 2084 1471 2159 vtfabrorum

375 2268 377 2275 ,
489 2187 750 2287 lignariorum,
791 2186 1033 2289 pileatorum,
1071 2186 1276 2287 pastorum,
1319 2206 1472 2261 venato.

492 2316 577 2363 rum
608 2288 847 2362 instrumenta
881 2315 960 2365 uon
998 2288 1209 2388 simpliciter
1239 2295 1470 2377 nominaret3

493 2386 599 2493 'quod
617 2387 643 2463 st
661 2388 818 2479 fecillet,
844 2388 996 2462 fuillent'
1006 2396 1134 2490 vtique
1147 2394 1411 2489 epigrammata
1426 2414 1473 2462 ex

376 2516 379 2523 ·
492 2495 613 2595 prima
630 2496 730 2565 voois
752 2496 894 2591 origine
908 2495 964 2582 (ν.
982 2490 1137 2590 Lell'nrg.
1152 2492 1286 2563 Verm.
1306 2492 1414 2564 Schr.
1431 2517 1471 2591 p.

493 2592 554 2691 95.
572 2591 713 2692 leqq3);
742 2591 823 2682 led,
853 2593 951 2665 duce
971 2612 1149 2690 corrupto
1170 2592 1266 2665 illius
1286 2592 1397 2665 seculi
1412 2616 1474 2690 ge·

447 2760 453 2773 ,
492 2699 571 2783 trio,
596 2692 718 2766 verbis
737 2713 815 2765 arte
858 2692 998 2766 uaelitis
1015 2716 1235 2795 pompaque
1250 2697 1352 2765 inani
1367 2717 1473 2765 exor-

493 2818 586 2868 nare
615 2810 731 2895 atque
756 2721 934 2867 exttlllere
961 2792 1134 2867 studeret.
1186 2798 1285 2867 Hinc
1310 2793 1373 2866 illa
1397 2797 1473 2891 epi-

494 2894 684 2969 rhetorum
700 2900 891 2992 congeries
907 2921 952 2968 ac
965 2894 1093 2985 moles,
1118 2922 1194 2996 qua
1207 2895 1305 2995 ipl'as
1317 2920 1375 2967 res
1392 2918 1474 2966 non

496 3014 572 3069 tem
592 2995 735 3087 obruit,
775 3022 889 3069 tuam
905 2993 1093 3085 demersit,
1134 3021 1309 3097 quaeque
1329 3014 1475 3068 tantum

498 3096 664 3171 taedium
676 3023 934 3188 creatlectori,
961 3119 1000 3170 vt
1018 3104 1077 3169 vix
1089 3096 1205 3197 pollit,
1233 3103 1325 3197 quin
1338 3097 1475 3173 librum

498 3194 616 3271 statim
639 3197 797 3271 obiiciat.
849 3195 989 3273 Videfis
1006 3226 1118 3273 canu.
1133 3202 1196 3274 IV.
1214 3203 1275 3272 lx.
1294 3204 1360 3273 XI.
1372 3202 1473 3271 XllI.

500 3315 572 3371 etc.
626 3301 751 3393 Quam
766 3298 989 3399 longehaec
1007 3301 1190 3376 recedunt
1213 3300 1259 3374 ab
1277 3326 1389 3373 aurea
1412 3298 1477 3373 illa

499 3392 728 3495 simplicitate
746 3406 950 3503 uatiuaque
968 3402 1171 3500 elegantia,
1200 3428 1313 3505 quarn
1327 3407 1368 3474 in
1386 3406 1478 3473 anti·

500 3503 676 3597 quiorum
689 3505 981 3598 epigrammatis,
1002 3524 1180 3605 tanquam
1197 3509 1398 3576 maximum
1417 3529 1480 3577 eo-

499 3624 584 3671 tum
609 3620 781 3673 ornatum
801 3602 1059 3706 summumque
1083 3604 1321 3705 splendorem
1341 3624 1377 3678 et
1402 3604 1480 3676 lau·

501 3698 656 3805 damus,
684 3720 721 3772 et
740 3703 982 3778 muniremur!
1008 3708 1063 3781 Ac
1079 3706 1269 3807 proiectu,
1296 3705 1358 3781 hic
1374 3705 1399 3777 li
1416 3707 1480 3778 de·

500 3797 678 3883 fideratur
691 3822 858 3894 ornatus,
887 3804 1393 3908 quifimplicitatecensetur,
1418 3811 1480 3879 vix

502 3900 553 3977 est
565 3900 709 3989 adhuc,
757 3904 884 4002 quo‘le
903 3907 976 3979 tale
994 3910 1141 3982 brevius
1160 3936 1311 3985 carmen
1329 3932 1480 4006 magno·
1523 3936 1528 3947 ·

397 4002 403 4017 “
501 4028 593 4105 pere
607 4004 858 4079 commendet.
910 4010 1040 4081 Noster
1056 4030 1198 4103 tamen,
1222 4030 1280 4100 vt,
1305 4034 1404 4110 quae
1419 4008 1482 4079 de·

504 4103 592 4181 ellet
610 4101 721 4178 rebus
741 4104 896 4202 dignitas
915 4128 953 4181 et
972 4108 1172 4205 elegantia,
1215 4137 1298 4183 eam
1313 4108 1479 4197 vocibus,

415 4295 422 4309 ι
502 4210 643 4306 ingenii
667 4203 877 4279 ebullientis
895 4233 970 4308 ope
987 4206 1096 4298 lulis,
1124 4231 1375 4312 compararet,
1402 4235 1481 4281 nou

1233 4318 1237 4325 '
1363 4312 1480 4385 modo
