3909 5792
2477 1050 2631 1128 2¹7

665 1252 853 1330 quas
879 1225 1198 1302 Dathius
1223 1231 1304 1301 in
1335 1245 1494 1302 not.
1533 1225 1628 1299 ad
1659 1227 1710 1300 l.
1739 1241 2003 1304 mouet
2028 1282 2053 1320 2
2098 1228 2423 1303 leuiores
2444 1226 2627 1325 runt,

663 1355 815 1402 nec
844 1335 948 1399 ita
1000 1348 1513 1429 comparatae,
1559 1346 1640 1401 vt
1689 1334 2069 1403 remoueri
2116 1355 2278 1405 non
2385 1327 2629 1403 offint.

668 1428 906 1525 Quod
946 1434 1148 1502 enim
1179 1431 1404 1519 dicit,
1453 1426 1500 1501 fi
1529 1435 1696 1532 quis
1723 1434 1802 1521 in
1845 1428 1997 1505 hoc
2028 1429 2207 1506 loco
2239 1428 2284 1504 s
2299 1439 2312 1451 “
2350 1457 2470 1505 um
2503 1454 2627 1503 ve-

654 1527 751 1601 lit
787 1534 1174 1628 poeticum
1218 1529 1654 1629 agnoscere,
1707 1558 1845 1630 per
1877 1556 2181 1604 omnem
2209 1530 2483 1604 librum
2523 1548 2629 1603 ta-

666 1628 821 1701 lem
866 1626 1104 1719 stilum
1135 1658 1176 1703 a
1230 1629 1519 1723 noscat,
1571 1632 1862 1707 necess'e
1897 1629 2081 1721 ess'e,
2128 1630 2635 1711 statuendum-

671 1754 860 1831 que‚
909 1756 1150 1831 quum
1216 1731 1386 1807 acili
1420 1759 1517 1806 ne
1569 1739 1726 1811 otio.
1753 1739 1834 1808 in
1870 1734 2247 1834 longiores
2284 1754 2359 1807 et
2388 1734 2630 1805 breui·

672 1855 844 1909 ores
874 1831 1109 1907 lineas
1163 1830 1404 1934 poffet
1447 1836 1518 1906 d'
1555 1840 1820 1935 tingui,
1895 1840 2293 1908 maximam
2340 1852 2631 1935 partem

667 1937 975 2033 poetice
1021 1932 1401 2039 scriptam,
1451 1935 1532 2015 id
1579 1933 1754 2013 Iane
1783 1961 1941 2008 non
1975 1934 2167 2009 adeo
2190 1933 2441 2035 magni
2472 1958 2635 2007 mo*

667 2038 908 2107 menti
947 2032 1084 2109 estt
1185 2034 1391 2113 aliud
1447 2041 1648 2117 enirn
1697 2036 1902 2109 estin
1933 2038 2308 2135 longiores
2352 2034 2635 2119 et'bre-

671 2140 916 2208 viores
957 2134 1192 2210 lineas
1241 2134 1448 2236 polse
1487 2136 1770 2227 dirimi,
1820 2136 2027 2217 aliud
2082 2135 2429 2230 rhythmo
2460 2160 2635 2235 pro-

675 2233 974 2310 cedere.
1026 2240 1116 2313 In
1141 2236 1302 2311 aliis
1327 2236 1514 2313 locis
1536 2294 1557 2329 ,
1609 2238 1736 2313 vbi
1757 2238 2306 2325 Hebraicorum
2336 2236 2635 2337 scripto-

674 2362 844 2409 rum
883 2336 1102 2438 prosa
1134 2392 1154 2427 ,
1207 2336 1259 2411 fi
1292 2364 1495 2413 mera
1547 2340 1767 2443 prosa
1801 2340 1900 2421 est
1931 2335 2260 2441 ,poefin
2311 2336 2647 2411 aemula⁴

596 2476 600 2480 ·
675 2456 817 2527 tur,
870 2445 1234 2539 imagines
1262 2440 1570 2543 quid'em
1595 2442 1672 2517 et
1699 2442 2005 2520 dicendi
2019 2439 2376 2514 formulas
2406 2443 2639 2524 anim-

674 2539 1074 2611 aduertere
1112 2540 1291 2614 licet
1321 2548 1683 2641 poeticaS,
1731 2560 1736 2565 '
1771 2568 1932 2625 non.
1966 2567 2149 2621 vero,
2182 2540 2635 2635 rhythmum,

678 2663 912 2739 quem
965 2638 1124 2717 hoo
1158 2640 1338 2717 loco
1375 2642 1497 2727 vel
1544 2649 1605 2719 is
1636 2700 1660 2739 ,-
1724 2649 1856 2759 qui
1902 2644 2135 2746 paulo
2186 2641 2517 2729 alienior·
2540 2639 2639 2713 ab

677 2740 1053 2817 eiusmodi
1095 2740 1302 2817 [bnsu
1380 2743 1526 2836 est,
1623 2772 1784 2828 non
1853 2742 2072 2846 poffit
2120 2768 2279 2830 non
2328 2743 2644 2829 sentire.
2708 2818 2715 2827 ,

679 2843 942 2937 Quare
981 2846 1206 2921 etiam
1247 2847 1320 2920 ei
1342 2842 1746 2925 sententiae
1774 2902 1792 2938 ‚
1849 2872 2077 2948 quarn
2121 2845 2443 2931 Dathius
2525 2868 2643 2915 ro·

679 2943 898 3032 tulit,
948 2943 1236 3017 versum
1287 2974 1396 3019 12.
1438 2964 1514 3021 et
1547 2950 1656 3023 15.
1713 2938 1806 3021 ab
1851 2968 2163 3022 auctore
2201 2953 2425 3019 totius
2496 2942 2643 3016 ibri

680 3041 1034 3143 scriptum
1073 3042 1253 3137 ess'e,
1341 3067 1417 3122 et
1468 3074 1628 3124 rem
1665 3049 1936 3150 gestam
1968 3051 2249 3131 narrari
2275 3102 2297 3145 2
2388 3048 2653 3148 prouti·

683 3170 853 3220 eam
887 3150 970 3220 in
1013 3154 1606 3245 commentariis,
1659 3150 1932 3252 quibus
1970 3150 2361 3248 istebat-urg
2396 3171 2653 3221 narra-

682 3267 838 3322 tam
869 3246 1298 3343 inueniffet,
1369 3278 1462 3325 ex
1492 3251 1687 3327 libro
1734 3250 2016 3327 deinde
2058 3254 2288 3327 citato
2327 3246 2648 3325 testimo-

681 3353 896 3423 nium
943 3350 1283 3427 additum
1303 3408 1322 3446 ,
1347 3353 1574 3455 quod
1603 3359 1801 3427 inter
1829 3352 2304 3427 scribendum
2339 3355 2417 3423 in
2443 3374 2648 3422 men-

681 3471 840 3525 tem
854 3449 1158 3527 veniss'et
1179 3506 1200 3544 ‚
1243 3454 1620 3531 calculum
1651 3479 1908 3529 meum
1937 3454 2267 3533 adiicere
2292 3478 2448 3532 non
2474 3476 2651 3551 pos-

683 3553 890 3626 sum:
943 3559 1224 3629 etenim
1256 3580 1469 3629 meus
1515 3581 1640 3629 me
1685 3555 1931 3633 [ensus
1959 3555 2228 3649 docet,
2284 3573 2359 3627 et
2404 3576 2646 3636 aures,

686 3680 1007 3756 quarum
1044 3656 1324 3733 iudicio
1362 3656 1490 3731 tali
1549 3662 1631 3729 in
1661 3682 1748 3733 re
1799 3682 1926 3731 me
1966 3654 2375 3758 plurimum
2422 3651 2655 3726 tribu-

692 3781 819 3828 ere
847 3812 866 3846 ,
921 3780 1082 3853 non
1117 3752 1478 3850 diffiteor,
1547 3756 1969 3855 rhythmice
2009 3756 2201 3832 haec
2248 3754 2522 3844 fluere,
2579 3775 2657 3829 et

690 3885 738 3930 a
796 3857 1089 3959 reliquo
1164 3858 1335 3933 libri
1418 3879 1684 3935 tenore
1766 3858 2155 3961 aliquanto
2236 3856 2652 3932 discedere.

693 3962 1183 4062 Quapropter
1227 3967 1360 4035 ita
1407 3959 1670 4039 statuo.
1797 3964 2043 4035 Locus
2099 3959 2435 4061 prosaice
2494 3956 2660 4032 scri-

692 4081 865 4160 ptus
901 4059 1034 4151 est,
1099 4058 1222 4134 sed
1263 4089 1356 4138 eo
1387 4062 1647 4166 prosae
1760 4084 1977 4152 nere,
2034 4061 2239 4160 quod
2271 4064 2658 4161 poeticum

692 4163 928 4237 hodie
959 4182 1236 4239 vocant
1261 4217 1280 4254 ,
1358 4184 1434 4238 et
1483 4190 1638 4265 quo
1746 4160 1988 4235 nostra
2022 4182 2265 4236 aetate
2291 4216 2308 4251 ,
2380 4185 2669 4259 magno.

695 4266 1070 4341 bonarum
1099 4264 1514 4337 litterarum
1574 4285 1651 4338 et
1715 4262 1956 4337 sensus
2011 4269 2194 4339 recti
2235 4282 2311 4336 et
2333 4266 2489 4335 veri
2536 4261 2663 4333 da-

697 4395 904 4456 mno,
940 4384 1335 4467 tantopere
1353 4364 1717 4469 celebrari
1748 4368 2027 4463 coepit,
2049 4360 2477 4440 certiffimus
2498 4385 2665 4434 cor-

699 4474 902 4570 rupn‘
942 4467 1200 4539 iudicii
1255 4487 1330 4539 et
1377 4465 1652 4557 sensus,
1701 4471 1780 4539 in
1838 4468 2054 4564 peius
2109 4465 2658 4565 degenerantiS,

700 4575 951 4646 index.
1057 4568 1361 4643 Scilicet
1403 4586 1665 4641 auctor
1696 4566 1918 4639 huius
1985 4568 2474 4647 additamenti
2547 4584 2659 4631 re·
2726 4592 2743 4625 r

708 4698 884 4749 cens
938 4696 983 4741 a
1031 4667 1363 4747 lectione
1420 4670 1764 4749 carminis
1792 4718 1812 4757 ,
1919 4674 2130 4775 quod
2182 4665 2479 4753 laudat,
2558 4683 2667 4836 gg

2500 4776 2552 4846 Ἶ
