3909 5792
366 2552 662 2729 cogitantibus
674 2586 805 2687 nobis,
830 2592 934 2691 aquia
946 2586 1059 2665 fuerit
1075 2590 1261 2692 iupriicis¹
1275 2619 1346 2691 pu«.

436 2726 438 2731 ·
462 2688 579 2788 pulis,
608 2688 769 2777 rudibus¹
786 2686 911 2785 adbuc
930 2710 967 2765 et
986 2717 1010 2763 a
1024 2691 1168 2775 saniore
1179 2692 1344 2793 philostr«

363 2778 508 2892 Rhandi
523 2794 667 2863 ratione
683 2789 840 2881 alienis,
870 2797 1018 2865 ¹mentis
1037 2797 1194 2893 eiusque
1210 2799 1346 2883 virium

364 2884 475 2963 ltatus
489 2910 604 2991 atque
619 2891 808 2980 conditio,
845 2897 927 2992 quis
946 2892 1113 2966 sensuum
1124 2892 1225 2985 vsus,
1260 2899 1345 2995 quis

365 2980 416 3055 de
429 2989 722 3065 rebus'tenuerir
736 2992 928 3081 iudicandi
945 2995 1101 3083 modus,
1144 3014 1200 3084 et,
1238 2994 1361 3095 quod.

364 3106 436 3180 per
455 3114 592 3165 omnes
610 3110 771 3183 aetates,
825 3119 871 3167 ex
894 3120 971 3194 quo
992 3094 1126 3169 melior
1145 3094 1348 3195 supientiae

364 3183 431 3266 lux
445 3192 594 3267 mortali
605 3198 734 3293 generi
748 3190 901 3287 affulsrt,
927 3193 1122 3285 docu‘ssimi
1136 3196 1348 3297 prudentie.

363 3283 520 3395 fimique
532 3292 705 3383 homiues
721 3318 766 3389 ee
781 3295 831 3379 de
846 3320 887 3369 re
896 3294 1163 3387 decreuerunt,
1188 3296 1239 3389 id,
1268 3323 1349 3397 quo

364 3384 445 3467 fieri
457 3393 590 3485 debet,
638 3400 765 3487 animo
779 3395 901 3485 sobrio
915 3396 1215 3497 inquirentibus,
1265 3423 1349 3472 non

363 3495 496 3598 potest,
534 3494 704 3588 arbitror,
742 3495 835 3588 fieri,
875 3503 968 3599 quin
987 3523 1120 3587 eorum
1137 3499 1172 3572 se
1186 3502 1358 3575 maxime·

365 3600 618 3688 commendet,
645 3617 684 3671 et
699 3604 841 3699 optima
858 3598 1028 3673 videatur
1042 3618 1158 3701 atque
1169 3599 1351 3693 ver-inune

364 3697 569 3790 sententia,
616 3703 682 3799 qui
695 3698 886 3799 cogitandi
907 3726 952 3773 ac
976 3700 1156 3775 sentiendi
1176 3700 1348 3799 modum,

363 3807 403 3873 in
420 3800 491 3873 illis
509 3798 681 3901 populis,
721 3820 825 3875 tanto
839 3820 877 3873 et
889 3798 966 3877 luci
988 3820 1026 3874 et
1041 3806 1220 3899 temporis
1235 3806 1349 3875 inter-

365 3901 463 3975 vallo
483 3927 506 3973 a
526 3899 638 3975 nobis
659 3897 876 3990 disiunctis,
899 3899 1216 3994 animaduersum,
1243 3930 1266 3974 a
1279 3929 1350 3980 no·¹

364 4001 436 4077 stro
448 4002 611 4077 statuunt
621 4002 851 4101 permultum
868 3998 1029 4091 differre,
1057 4003 1352 4107 cauendumque

364 4125 542 4195 monent,
585 4127 654 4193 ne,
698 4104 789 4176 dum
803 4126 928 4174 rerum
940 4108 1136 4194 notiones,
1182 4131 1275 4205 quas
1293 4104 1351 4179 illi

364 4203 430 4278 fibi
444 4203 672 4301 formabant,
699 4202 827 4277 nostris
841 4207 963 4277 metiri
976 4204 1144 4295 velimus,
1173 4210 1351 4279 etomnia

365 4306 505 4407 quibus
534 4304 687 4383 illorum
719 4320 864 4378 mentes
890 4302 1166 4397 afficiebantur,
1217 4330 1350 4381 moue-

364 4406 521 4499 bantur,
564 4403 872 4505 impellebantur,
909 4404 1112 4480 adnostros
1128 4407 1266 4499 sensus,
1298 4402 1352 4481 ad

364 4509 503 4583 nostras
525 4510 725 4607 opiniones
745 4560 755 4597 ,
808 4506 857 4578 ad
873 4504 994 4580 nostra
1009 4508 1057 4580 de
1076 4508 1188 4593 rebus
1208 4508 1350 4580 iudicia

367 4610 595 4711 detorquere
620 4625 735 4707 atque
759 4610 928 4705 exigere,
973 4634 1091 4707 quum
1106 4605 1173 4707 ipfi
1192 4608 1351 4704 turpiter

368 4735 557 4799 erremus,
584 4726 664 4783 tum
678 4704 757 4785 aliie
771 4705 921 4781 errandi
938 4706 1047 4782 causa
1057 4704 1178 4791 sunus.
1224 4708 1351 4779 Enim·

1254 4828 1346 4880 vero
