3909 5792
1021 564 1218 612 &-

640 782 643 789 '
664 762 795 841 oetam
811 778 1056 861 erumpente,
1083 758 1133 832 ad
1156 758 1290 829 Iouam
1315 757 1479 837 directus
1496 764 1621 866 perhi-

633 788 746 943 ἵεται·
762 864 809 937 vs.
831 890 885 935 12.
898 864 961 936 vbi
976 858 1026 935 fic
1041 852 1285 947 habetnmti
1303 868 1428 947 wrm
1444 885 1539 954 wit
1561 890 1620 961 m,

636 970 727 1045 ficut
752 970 863 1039 etiam
883 962 932 1037 vs.
952 972 1008 1047 ¹4·
1035 964 1164 1039 alona
1187 968 1380 1038 exauditas
1395 968 1468 1042 effe
1487 972 1622 1045 iosuae

635 1092 768 1173 preces
790 1065 942 1153 dicitur,
973 1090 1093 1164 quum
1113 1084 1239 1139 tamen
1253 1064 1319 1139 ioli
1333 1090 1382 1141 ac
1406 1068 1558 1163 lunae,'
1577 1088 1622 1147 vt

637 1172 793 1273 gradum
814 1163 991 1255 srsterent,
1014 1168 1212 1239 mandarit.
1265 1170 1550 1245 i'otuitveroita
1564 1172 1621 1245 fa·

637 1296 722 1348 cere
739 1268 876 1355 homo,
904 1270 992 1365 quia
1008 1264 1220 1367 persuasum
1243 1272 1279 1339 ei
1296 1286 1397 1361 erat,
1418 1278 1547 1345 alona
1565 1294 1620 1347 tn·

618 1368 686 1447 ‘lia
706 1372 832 1443 omnia
853 1366 957 1457 fieri;
984 1387 1022 1439 et
1036 1364 1109 1459 fic,
1137 1394 1315 1471 quaepro
1331 1368 1371 1441 se
1389 1370 1616 1447 dicebantur

559 1494 564 1509 ·
634 1479 674 1548 in
687 1474 850 1547 carmine
871 1467 925 1542 sol
937 1494 983 1543 nc
993 1467 1085 1541 luna
1100 1467 1247 1562 feeiiie,
1274 1474 1462 1563 calonne,
1488 1474 1613 1547 domi-

636 1600 689 1648 no
722 1590 759 1645 et
782 1575 928 1643 auctori
951 1594 1108 1663 eorum,
1153 1570 1367 1645 tribuenda
1398 1579 1525 1649 utauit.
1553 1584 1612 1667 m)

636 1673 731 1749 Mihi
745 1692 888 1759 tamen,
928 1668 1069 1762 fateor,
1098 1670 1324 1747 verifimiliur
1349 1598 1422 1749 efie
1448 1675 1612 1767 videtur,
1643 1736 1648 1745 .

636 1782 676 1849 in
701 1776 864 1847 carmine
878 1770 1067 1873 longiores
1089 1770 1194 1849 fuiffe
1209 1798 1368 1875 preces,
1405 1774 1456 1849 ad
1477 1779 1617 1851 Iouam

637 1876 684 1973 ab
700 1879 805 1948 initio
830 1872 1015 1966 directas,
1035 1873 1175 1949 deinde
1193 1899 1303 1965 vero,
1324 1873 1511 1953 crescente
1558 1904 1617 1951 re·

637 1980 754 2053 cantis
774 1974 936 2068 feruore,
962 1974 1011 2049 ab
1033 2001 1080 2049 eo
1095 1975 1361 2068 deflectentes;
1386 1976 1521 2079 quibus
1529 1904 1617 2055 Iiure

636 2076 873 2167 mandatum,
914 2076 981 2151 soli
1002 2096 1040 2151 et
1060 2076 1192 2168 lunae,
1215 2074 1316 2179 quast
1336 2082 1526 2172 virerent,
1574 2100 1614 2154 et

607 2190 613 2211 ·’
635 2178 689 2255 sui
705 2176 844 2251 arbitrii
862 2174 987 2271 effent,
1014 2178 1154 2267 datum,
1166 2184 1350 2253 intextum
1358 2178 1480 2255 fuerit.
1530 2184 1611 2255 Iam

636 2276 800 2357 discuffis
814 2282 868 2351 -iis
882 2335 892 2371 ‚
915 2304 1014 2382 qnae
1029 2280 1078 2352 ad
1093 2278 1198 2355 crifin
1217 2284 1389 2357 carminis
1409 2286 1612 2383 pertinent,

635 2382 685 2457 de
703 2406 766 2473 re,
795 2406 909 2481 quam
918 2380 1197 2477 complectitur,
1225 2382 1461 2457 commodior
1474 2384 1614 2485 agendi

633 2482 740 2560 locus
758 2486 839 2555 eric

746 2688 791 2759 Iu
806 2710 853 2761 eo
869 2689 1019 2787 optimis
1040 2690 1221 2763 conuenit
1241 2682 1530 2789 doctiffimirque
1551 2712 1614 2761 ae-

633 2790 716 2861 tatis
738 2786 882 2863 nostrae
894 2786 1184 2889 interpretibus,
1212 2790 1433 2863 miraculum
1448 2816 1529 2863 non
1541 2814 1613 2890 po-

632 2886 756 2980 tniffe,
777 2894 905 2991 prouti
921 2916 944 2961 a
960 2908 1094 2989 poeta,
1120 2888 1181 2963 vel
1203 2910 1339 2991 poetae
1359 2895 1613 2993 epitomatore

631 3010 824 3083 narratur,
851 2991 1041 3082 accidere,
1084 2990 1146 3065 sed
1161 2991 1526 3067 detrahendumelie
1549 3018 1610 3065 οι·-

631 3113 760 3165 natum
786 3098 1003 3192 poeticum,
1028 3090 1330 3195 videndumque,
1357 3095 1468 3195 quid,
1493 3092 1610 3193 [rspe-

632 3199 707 3267 cies
724 3194 941 3268 miraculosa
957 3192 1189 3293 disparuerit,
1208 3215 1358 3269 maneat
1369 3203 1408 3269 in
1416 3192 1522 3270 factis
1539 3222 1611 3293 po·

630 3294 808 3369 nendum.
875 3292 1017 3373 caune
1039 3318 1150 3387 vero,
1185 3322 1359 3375 currere
1378 3296 1608 3473 accidiss'riril

1555 3426 1577 3469 U

669 3631 719 3717 m)
737 3626 848 3697 Video
864 3628 1021 3723 quidem,
1040 3628 1124 3699 haec
1138 3632 1230 3723 poffe
1245 3627 1418 3723 paululum
1437 3634 1604 3721 mitigem

711 3714 858 3801 scilicet,
882 3718 1038 3799 [iniq
1059 3742 1131 3785 non
1140 3744 1205 3809 pro
1218 3722 1418 3809 imperatiuo
1436 3716 1604 3787 secundae

712 3806 896 3891 personae,
918 3812 973 3871 ten
994 3828 1057 3894 pro
1075 3806 1269 3885 irriiuitino,
1303 3804 1382 3871 loco
1408 3808 1604 3893 imperatiui

712 3892 834 3977 terrine
852 3892 1016 3979 personae
1038 3896 1259 3981 accipiamusr
1291 3909 1443 3957 moretur
1449 3896 1512 3979 sol
1537 3896 1604 3959 Gi·

710 3976 831 4041 beonc.
867 3978 967 4043 Tunc
985 3981 1076 4043 enim
1094 3977 1222 4043 facilius
1268 3976 1400 4043 ntniffet
1419 3978 1519 4047 heros
1545 3982 1602 4045 io·

710 4060 869 4127 vernello
898 4064 939 4129 ui.
1005 4066 1052 4127 At
1074 4066 1154 4129 mihi
1171 4002 1306 4153 quictem
1336 4068 1439 4152 magis
1463 4072 1602 4155 poetice

706 4142 823 4211 fictum
838 4087 902 4213 essqe
919 4150 1085 4217 videtura
1106 4166 1231 4239 poeta,
1257 4150 1384 4215 Ini'uarn
1408 4152 1602 4239 persecun-

705 4228 972 4381 trissrxrlrlsseri'onam
983 4234 1027 4301 ad
1041 4234 1147 4303 solem
1161 4252 1196 4305 et
1210 4232 1323 4302 Ιιιιιιιιιι
1338 4236 1531 4305 mandatum
1545 4242 1599 4311 di·
