3909 5792
1016 546 1214 569 n

1016 574 1213 591 *a*

623 546 714 647 rto'o

701 737 867 813 ΠιἸαιον,
879 740 949 825 spe
961 738 1103 825 longus,
1125 740 1237 805 iners,
1263 734 1462 827 auidosque
1467 737 1602 828 saturi,

705 871 890 957 Dissimilis,
914 875 1100 962 querulas,
1122 872 1293 939 laudator
1309 879 1473 962 temporis
1487 880 1560 940 aeli
1654 884 1660 893 ’

706 1012 750 1075 Se
759 1032 900 1099 puero,¹
917 1012 1056 1096 censor,
1079 1005 1341 1099 colligatorque
1358 1015 1544 1077 minorum.

517 1266 520 1274 '
617 1254 666 1327 At
681 1250 742 1322 vbi
759 1248 853 1322 haec
870 1252 907 1320 in
921 1250 1077 1324 Homeri
1092 1248 1273 1325 Nestore?
1294 1247 1444 1324 ubinam
1463 1258 1607 1329 incom-

617 1353 755 1442 moda,
801 1375 899 1449 quae
916 1355 998 1427 eius
1013 1352 1242 1427 senectutem
1260 1356 1604 1429 circumuenirent?

619 1453 770 1526 vbmam
788 1458 955 1551 quaerit,
1006 1474 1045 1526 et
1067 1457 1229 1526 inuentis
1245 1448 1401 1527 abstinet
1421 1458 1606 1555 timetque

617 1552 695 1626 vti?
749 1578 841 1652 quas
865 1553 1019 1625 tandem
1035 1578 1092 1626 res
1116 1553 1246 1627 timide
1273 1552 1472 1654 gelideque
1497 1561 1604 1627 mini-

616 1651 727 1729 strat?
755 1656 849 1748 Quis
866 1653 968 1725 videt
984 1680 1071 1727 eum
1088 1650 1247 1745 differre,
1267 1654 1330 1754 spe
1341 1652 1453 1755 longa
1470 1655 1602 1729 obten-

617 1758 704 1843 ta‘ri,
734 1758 893 1826 inertem
907 1752 999 1844 esse,
1027 1775 1065 1829 et
1082 1755 1236 1828 auidum
1251 1754 1396 1829 futuri?
1442 1759 1513 1829 Cui
1532 1754 1602 1829 dif-

617 1855 755 1929 ficilem
772 1852 806 1927 se
822 1854 1007 1954 praebet?
1047 1858 1135 1952 Qua
1155 1861 1196 1929 in
1219 1882 1261 1930 re
1286 1856 1464 1959 querulus
1489 1884 1602 1957 appa-

617 1954 707 2031 ret?
758 1954 833 2032 Vbi
856 1956 1009 2029 tandem
1029 1956 1262 2031 laudatorem
1278 1963 1457 2058 temporis
1478 1965 1550 2032 acti
1567 1958 1602 2032 se

617 2083 761 2160 puero,
797 2056 989 2131 censorem
1009 2056 1337 2211 castigatoremque
1357 2065 1543 2132 minorum
1559 2065 1601 2132 iu

619 2184 667 2233 eo
690 2157 1108 2259 deprehenderelicet.
1149 2163 1225 2232 Aut
1249 2164 1434 2234 Homerus
1465 2166 1601 2233 miram

619 2281 802 2363 quantum
818 2287 838 2332 a
857 2279 1013 2334 naturae
1031 2265 1176 2333 tramite
1194 2260 1363 2351 deflexit,
1408 2262 1512 2361 quod
1528 2261 1602 2334 alia

619 2366 748 2436 omnia
763 2367 802 2432 in
825 2359 978 2434 Nestore
1000 2360 1334 2435 animaduertenda
1360 2362 1484 2449 dedit,
1537 2382 1602 2436 aut

619 2460 773 2537 Flaccus
793 2487 956 2534 errorem
978 2459 1160 2538 commisrt
1174 2488 1195 2554 ,·
1212 2462 1317 2564 quod
1332 2461 1423 2535 tales
1439 2491 1459 2534 a
1480 2468 1601 2562 poetis

619 2562 723 2637 senes
739 2561 805 2636 ststi
823 2561 950 2635 voluit.
1003 2566 1188 2639 Neutrum
1201 2566 1315 2639 tenet:
1341 2583 1507 2665 vterque,
1534 2591 1603 2665 po-

619 2684 681 2739 eta
694 2690 754 2737 aer
769 2689 815 2735 ue
828 2689 873 2737 ac
887 2668 1047 2755 criticus,
1073 2690 1187 2737 omne
1199 2686 1382 2767 punctum
1401 2668 1499 2756 tulit3
1525 2665 1600 2754 hic,

617 2766 724 2869 quod
739 2691 861 2861 denes,
897 2766 1035 2840 vtsunt
1082 2765 1297 2867 serumque,
1333 2766 1482 2839 miseros
1501 2766 1601 2839 exlu-

617 2864 698 2943 beri
714 2862 825 2955 iullit,
852 2865 916 2938 ille
925 2919 935 2956 ‚
964 2793 1197 2966 quodtalenr
1213 2867 1317 2941 dedit
1335 2868 1481 2959 senem,
1510 2895 1600 2968 qua-

616 2967 672 3043 les
704 2963 775 3041 else
801 2965 974 3067 possunt,
1023 2966 1128 3041 solito
1155 2970 1431 3069 perfectiorem.
1502 2980 1602 3043 Ante

616 3073 745 3144 omnia
761 3074 861 3140 enim
879 3068 951 3143 hoc
969 3070 1175 3142 tenendum
1192 3070 1261 3161 est,
1287 3072 1531 3143 Horatianum
1550 3068 1600 3145 se-

614 3196 722 3263 nem,
766 3195 845 3243 non
883 3170 931 3243 ad
962 3178 1113 3270 epicum
1145 3198 1314 3262 camma,
1356 3171 1418 3245 sed
1446 3174 1495 3245 ad
1528 3171 1601 3245 sce·

615 3297 705 3345 nam
733 3290 770 3346 et
793 3273 919 3344 drama
941 3278 1149 3370 pertinere,
1202 3279 1309 3345 etita
1341 3294 1599 3373 comparatum

618 3371 690 3446 elle
713 3370 874 3464 debere,
913 3394 951 3445 vt
965 3400 1054 3446 cum
1078 3373 1222 3473 legibus
1249 3396 1285 3445 ct
1303 3376 1380 3447 line
1396 3374 1492 3446 illius
1509 3400 1599 3473 poe·

616 3471 697 3547 seos
716 3480 859 3573 generis
876 3479 1098 3562 conueniat,
1126 3496 1164 3548 vt
1178 3476 1236 3549 vel
1254 3481 1425 3551 timorem
1442 3496 1479 3548 et
1493 3474 1563 3546 mis
1584 3517 1600 3532 ·

618 3579 823 3666 rationem,
877 3601 973 3676 quae
995 3572 1212 3649 affectiones
1235 3582 1273 3649 in
1293 3577 1479 3673 tragoedia
1498 3580 1597 3674 prin-

619 3681 705 3776 cipe
718 3676 804 3751 loco
824 3683 996 3765 veniunt,
1024 3681 1208 3750 inanimis
1226 3678 1471 3777 spectatorum
1486 3682 1596 3763 ciere,

616 3799 681 3851 ant
697 3779 766 3851 risu
785 3778 951 3850 iucundo
971 3804 1015 3851 ac
1029 3780 1225 3851 moderato
1236 3788 1256 3867 ,'
1273 3804 1385 3891 quem
1401 3776 1598 3850 comoedia

619 3879 814 3954 nobilioris
845 3883 989 3980 generis
1012 3877 1074 3949 fibi
1097 3886 1281 3971 vindicat,
1324 3902 1492 3953 recreare
1516 3902 1597 3948 eos-

617 3981 705 4055 dem
724 3978 844 4081 poffit.
898 3985 1118 4053 Homericus
1141 4002 1270 4053 contra
1295 3980 1403 4053 senex
1430 3978 1510 4049 talis
1534 3975 1594 4066 est,

615 4081 767 4183 qualem
792 4088 922 4180 epicae
942 4080 1097 4178 poeseos
1124 4087 1277 4180 requirit
1300 4082 1476 4179 dignitas,
1530 4082 1596 4177 qni

613 4182 709 4257 nihil
726 4181 859 4273 habet,
902 4180 1009 4282 quod
1027 4182 1262 4257 miseratione
1279 4182 1488 4272 t'uaomes3
1531 4205 1595 4278 pa-

1499 4302 1595 4371 rum,
