3909 5792
1743 1060 2022 1120 a
2833 1081 2929 1133 21¹

2022 1102 2175 1118 *
2374 1104 2385 1113 ⁸

2938 1126 2944 1133 ι

2968 1148 2975 1161 Ι

968 1283 1049 1338 vt
1106 1258 1461 1335 Lucullus
1505 1282 1662 1331 non
1701 1259 1937 1332 modo
1983 1264 2060 1333 in
2101 1258 2438 1336 Ciliciam
2466 1312 2486 1351 ,
2538 1256 2663 1335 sed
2706 1261 2935 1349 etIam,

969 1380 1150 1436 ante
1185 1358 1648 1477 quaesturam
1671 1414 1690 1448 ,
1730 1380 1961 1462 atque
1998 1361 2212 1434 adeo'
2237 1383 2412 1439 ante
2446 1386 2509 1435 a.
2558 1361 2732 1434 665.
2768 1358 2925 1460 quo

965 1462 1119 1538 lata
1169 1467 1266 1535 elt
1330 1461 1455 1533 lex
1511 1460 2005 1534 Carbonis-et
2042 1462 2308 1561 Silani,
2392 1459 2777 1567 profectus
2819 1456 2922 1549 sit,

970 1583 1048 1638 et
1097 1583 1176 1635 vt
1216 1563 1314 1635 ad
1351 1565 1741 1635 minimum
1791 1588 1858 1634 a.
1913 1563 2084 1646 664.
2128 1564 2401 1655 redux,
2471 1583 2553 1637 vt
2580 1558 2927 1635 Heracle-

972 1663 1179 1737 enses
1239 1662 1585 1739 Archiam
1650 1667 1954 1736 ciuitate
2002 1663 2406 1754 donarent,
2484 1666 2927 1743 auctoritate

969 1763 1094 1839 sua
1133 1762 1487 1838 effecerit.
1596 1764 2038 1838 Cuiusmodi
2075 1765 2175 1839 de
2204 1768 2471 1839 itinere
2512 1789 2749 1867 quum
2776 1784 2927 1836 nee

969 1865 1413 1941 Plutarchus
1466 1869 1545 1936 in
1592 1862 1740 1937 vita
1791 1864 2124 1957 Luculli,
2172 1891 2318 1943 nec
2369 1869 2636 1941 Cicero
2687 1860 2921 1939 Acad.

968 1971 1094 2057 IV,
1151 1995 1213 2038 1.
1255 1967 1379 2039 vbi
1425 1964 1724 2041 strictim
1776 1992 1895 2038 res
1950 1972 2107 2041 eius
2160 1965 2657 2068 persequitur,
2712 1961 2926 2066 quid·

970 2094 1202 2169 quam
1233 2065 1561 2140 habeant
1582 2121 1600 2155 ,
1654 2092 1800 2142 nec
1847 2065 2027 2139 alibi
2064 2068 2481 2171 quidquam
2515 2090 2639 2141 me
2672 2063 2925 2164 legere

949 2173 1474 2258 meminerim,
1559 2166 1796 2242 liceat·
1841 2167 2026 2241 mihi
2082 2168 2315 2272 paulo
2375 2164 2521 2241 esse
2567 2165 2919 2255 liberiori,

975 2290 1053 2343 et
1089 2273 1544 2344 coniectioni
1584 2268 2003 2368 indulgere.
2108 2274 2370 2367 Quum
2394 2265 2695 2357 constet,
2748 2289 2927 2341 cum

968 2370 1178 2445 Sulla
1238 2366 1702 2453 interceffiss'e
1793 2369 2109 2444 Lucullo
2186 2367 2798 2447 neceffitudinem
2847 2382 2926 2441 et

966 2469 1579 2559 familiaritatem,
1637 2495 1804 2543 eam
1849 2470 2193 2571 quidem,
2242 2489 2322 2544 vt
2366 2468 2497 2543 ille
2526 2469 2733 2547 hunc
2760 2492 2924 2541 non

966 2572 1199 2646 modo
1232 2570 1455 2643 rebus
1505 2570 1849 2670 gerendis
1901 2564 2149 2644 arduis
2207 2590 2285 2645 et
2331 2568 2753 2669 grauiffimis
2797 2566 2925 2641 ad-

967 2672 1301 2759 hiberet,
1355 2669 1481 2742 sed
1529 2674 1790 2759 etiam,
1838 2670 2242 2746 Plutarcho
2275 2671 2491 2762 teste,
2544 2692 2926 2747 commen-

971 2778 1195 2845 tarius
1238 2795 1490 2843 rerum
1533 2771 1864 2861 suarum,
1916 2791 2177 2871 vtpote
2233 2773 2501 2846 melius
2553 2770 2924 2849 historiam

971 2869 1412 2957 conditui-o,
1473 2877 1542 2942 ei
1600 2871 2069 2946 inscriberet:
2148 2874 2412 2975 quidni
2472 2874 2568 2947 ad
2606 2877 2925 2973 primam

969 2969 1583 3060 adolescentiam,
1635 2972 1760 3044 vbi
1799 2977 2080 3071 ingenii
2113 2979 2271 3048 eius
2310 2974 2749 3075 praestantia
2772 2997 2925 3047 ma-

967 3077 1170 3145 xime
1216 3069 1579 3162 enitebat,
1633 3093 1708 3146 et
1749 3071 1876 3147 vbi
1913 3077 2063 3146 iam
2098 3080 2306 3149 cerni
2354 3094 2648 3177 poterat
2671 3130 2692 3164 ,
2744 3099 2924 3176 qua-

967 3173 1057 3248 lis
1096 3170 1504 3273 aliquando
1536 3174 1985 3248 iudicandus
2016 3172 2231 3267 effet,
2283 3180 2491 3250 initia
2540 3176 2763 3249 huius
2796 3200 2926 3251 ne·

969 3273 1418 3352 cessitudinis
1481 3272 1916 3349 referamus.
2044 3280 2204 3352 Iam
2258 3303 2437 3352 vero
2506 3278 2753 3369 Sulla,
2796 3274 2924 3350 vbi

970 3376 1313 3478 quaestor
1375 3376 1462 3447 C.
1510 3379 1727 3449 Marii
1778 3381 1835 3449 Ι.
1889 3376 2059 3452 Cos.
2132 3380 2569 3478 (a.'647.),
2646 3377 2924 3453 deinde

967 3479 1306 3554 eiusdem
1361 3479 1580 3549 Mai-ii
1640 3481 1733 3552 11.
1781 3478 1947 3557 Cos.
2022 3489 2137 3565 (a.
2189 3480 2412 3575 650.)
2464 3479 2789 3578 legatus,
2844 3496 2923 3551 et

969 3580 1242 3654 eodem
1291 3580 1532 3651 Mario
1568 3583 1698 3654 111.
1747 3578 1912 3653 Cos.
1974 3588 2085 3670 (a.
2138 3582 2355 3673 651.)
2420 3581 2760 3655 tribunus
2788 3580 2923 3650 mi·-
2960 3584 2975 3593 '

965 3680 1182 3755 litum
1228 3677 1508 3767 fuerat,
1584 3698 1698 3770 et,
1772 3706 2011 3782 quum
2053 3682 2378 3774 videret,
2431 3680 2501 3755 se
2536 3679 2634 3754 ob
2668 3702 2919 3753 rerum

967 3781 1331 3879 gestarum
1363 3779 1675 3880 gloriam
1708 3784 1955 3859 Mario
1992 3782 2319 3859 inuisum
2347 3780 2485 3857 effe
2508 3836 2526 3871 ‚
2583 3779 2921 3878 collegae

966 3886 1225 3972 Marii,
1265 3884 1399 3977 -Q.
1433 3886 1733 3957 Lutatio
1778 3883 2046 3957 Catulo
2110 3896 2227 3969 (a.
2272 3885 2491 3977 652.)
2542 3880 2613 3959 se
2660 3882 2922 3955 adiun-

965 4003 1218 4074 xerat,
1289 3982 1643 4059 omnibus
1686 3985 2124 4059 militaribus
2185 3982 2446 4060 officiis
2494 3982 2918 4073 defunctuS,
2976 4074 2981 4079 .

965 4084 1228 4159 aedilis
1273 4088 1563 4159 Romae
1599 4085 1758 4159 fieri
1802 4085 2087 4177 noluit,
2155 4084 2277 4159 sed
2316 4084 2759 4162 ‘consecutus
2799 4083 2918 4175 est,

964 4205 1045 4259 vt
1127 4212 1193 4258 a.
1313 4186 1484 4259 662.
1596 4206 1900 4287 praetor
1984 4184 2181 4260 ess'et.
2365 4194 2478 4262 Ex
2572 4208 2921 4290 praetura

962 4290 1046 4361 in
1089 4285 1654 4385 Cappadociam
1695 4307 1770 4359 et
1811 4285 2182 4362 adiectam
2232 4288 2571 4366 Ciliciam
2628 4304 2740 4376 (v.
2774 4290 2921 4363 Au-

962 4387 1098 4460 rel.
1164 4391 1357 4463 vict.
1414 4388 1510 4461 V.
1585 4384 1841 4461 Illustr.
1910 4388 2030 4484 75.
2082 4387 2208 4462 vbi
2250 4393 2570 4465 eandem
2619 4395 2920 4463 varieta-

966 4507 1156 4577 tem,
1271 4513 1448 4559 uam
1500 4491 1583 4559 in
1618 4489 2003 4563 Ciceronis
2049 4489 2264 4580 loco,
2318 4497 2513 4565 inter
2562 4492 2920 4564 Siciliam

966 4606 1046 4659 et
1124 4515 1499 4663 officiam
1582 4607 1918 4663 notatam
1979 4590 2496 4691 deprehendas
2569 4596 2644 4659 in
2721 4588 2914 4659 Edit.

964 4688 1204 4787 Lugd.
1265 4690 1546 4784 1670.)
1601 4710 1646 4759 a
1713 4689 2001 4764 Senatu
2054 4689 2303 4765 miss'us
2373 4706 2486 4778 (a.
2542 4690 2759 4774 665.)
2824 4712 2917 4762 eo

2720 4816 2927 4889 prae--
