3909 5792
886 779 1083 823 ·-··=--·····-··-
1423 770 1475 853 aa

495 970 769 1074 desperandum
794 986 931 1067 putat..
962 975 1021 1044 Ita
1046 979 1144 1045 enim
1165 994 1268 1063 reor,
1319 974 1474 1051 voluisse
1579 1041 1582 1047 .

427 1164 429 1168 Ι
494 1093 649 1177 poetam
678 1070 837 1156 docere,
892 1083 1075 1171 quantum
1098 1074 1147 1147 ad
1171 1077 1473 1175 corrumpendos

419 1201 423 1211 ¹
494 1199 621 1251 mores
638 1175 782 1264 tyranni
801 1168 986 1263 valerent,
1031 1186 1071 1245 'rt
1086 1199 1132 1247 eo
1148 1180 1268 1250 acrius
1288 1196 1326 1250 et
1340 1178 1473 1252 arden·

495 1282 568 1349 tius
600 1269 756 1345 studium
788 1271 1066 1347 conseruandae
1096 1272 1258 1365 liberatis
1288 1281 1472 1352 inliceret.

494 1376 600 1451 Alius
621 1390 813 1472 praeterea
828 1370 912 1445 linis
931 1379 972 1445 in
996 1370 1386 1475 chorospectabatsn,
1429 1397 1473 1469 ¹vt

473 1477 545 1569 ,de
558 1471 784 1548 sermonibus
797 1471 1038 1573 personarum
1051 1474 1279 1551 scenicarum
1290 1478 1473 1555 iudicium

496 1591 639 1651 rectum
657 1593 694 1647 et
713 1599 842 1645 verum
864 1579 1002 1649 mixtae
1018 1574 1153 1677 populi
1169 1574 1301 1653 turbae
1322 1578 1474 1653 exhibo·

496 1674 623 1768 rettrr,
671 1674 777 1775 quod
806 1673 853 1748 ab
887 1674 985 1767 illis,
1037 1683 1104 1779 qui
1127 1676 1278 1753 fabulae
1302 1680 1474 1780 impliciti

394 1822 395 1837 κ
497 1799 621 1867 erant,
651 1802 731 1848 non
745 1780 1221 1877 poteratcommodelieri:
1265 1776 1474 1855 verendum

418 1879 422 1887 ’
451 1954 453 1961 ,
495 1884 596 1954 enim
613 1875 904 2051 suffletpoeme,
932 1907 1139 1956 nemorum
1153 1901 1356 1981 praecepta
1372 1882 1474 1953 vide·

493 2000 596 2055 retur
623 1978 732 2053 alieni
762 1978 836 2056 imo
861 1980 949 2056 loco
974 1980 1127 2058 voluisse
1152 1982 1367 2057 obtrudere.
1431 1982 1474 2055 Si

411 2132 413 2139 ·
494 2080 592 2177 forte
606 2081 749 2183 aliquid
765 2080 948 2177 difficilius
963 2082 1157 2158 intellectu
1173 2090 1214 2156 in
1232 2083 1475 2185 loquentium

494 2178 725 2259 sermonibus
745 2180 858 2274 esset,
893 2184 953 2257 vel
970 2190 1010 2257 in
1025 2184 1192 2258 moribus
1215 2183 1252 2257 se
1270 2183 1475 2258 obscuritas

495 2285 684 2387 quaedam
703 2282 875 2374 offerret,
911 2310 955 2357 ea
973 2292 1098 2359 omnia
1110 2285 1265 2375 chorus,
1291 2290 1358 2387 qui
1371 2280 1476 2385 quali¹

494 2388 663 2461 medium
682 2391 780 2460 inter
798 2383 948 2460 fabulae
968 2382 1163 2487 personas,
1191 2408 1229 2461 et
1246 2385 1475 2487 spectatores
1595 2444 1599 2455 .

495 2487 650 2565 tenebat
667 2486 817 2575 locum,
844 2492 884 2557 in
897 2487 1052 2561 clariore
1071 2487 1157 2562 luce
1173 2507 1321 2589 poterat
1341 2484 1474 2577 sciere,

495 2588 731 2686 nebulasque
750 2588 812 2661 hic
825 2586 906 2685 illic.
921 2586 1066 2661 obsusats
1087 2582 1296 2689 dispellere.
1348 2585 1476 2660 Persa*

496 2694 554 2763 nis
570 2687 721 2763 scenicis
739 2692 879 2763 anricus
893 2708 970 2760 erat
982 2688 1102 2763 lidelis
1117 2708 1155 2763 et
1168 2708 1337 2788 optatus,
1359 2710 1476 2789 quent

498 2786 817 2885 sorskaduocalsen
849 2808 949 2876 emt,
976 2809 1122 2863 rtcum
1135 2794 1309 2863 Brumoio
1326 2789 1475 2889 loq-nar,

497 2895 516 2965 l
523 2897 531 2925 '
542 2888 719 2964 honnrlte
731 2890 889 2963 homme
904 2891 956 2961 de
975 2888 1020 2961 lo
1031 2896 1158 2990 pisce.
1210 2890 1249 2965 Si
1265 2888 1370 2991 quod
1384 2912 1474 2963 con·

494 2991 613 3067 filium
627 2990 896 3091 suggerendum
913 3045 921 3079 ,
948 2991 988 3063 id
999 3017 1070 3093 per
1088 2992 1341 3093 coryphaeum
1356 2996 1391 3084 o)
1404 2989 1475 3063 ,fie-

495 3094 586 3183 bat,
632 3111 812 3193 tanquam
832 3091 1018 3190 legatum3
1068 3090 1180 3165 fialia
1196 3090 1476 3193 qualiacunque

446 3196 450 3205 '
498 3194 686 3295 colloquia
706 3220 791 3269 curn
837 3192 972 3271 ersonis
988 3192 1139 3269 scenicis
1155 3194 1387 3282 instituenda,
1434 3214 1476 3263 er
1529 3252 1532 3261 .

497 3296 660 3372 eundem
675 3312 732 3368 res
747 3220 947 3395 agelsatur,
975 3292 1043 3396 qui
1057 3294 1214 3375 oratoris
1227 3292 1350 3396 partes
1362 3220 1476 3365 hale-

496 3418 572 3489 ret,
601 3418 638 3471 et
654 3402 765 3470 totius
781 3396 887 3471 chori
899 3402 1056 3471 nomine
1069 3396 1129 3471 res
1150 3397 1320 3470 onderet.
1372 3396 1478 3490 Qua·

496 3524 537 3573 re
551 3504 593 3571 in
614 3498 744 3571 mediis
765 3496 909 3573 actibus
925 3499 985 3571 vel
1006 3424 1184 3599 episotliis
1200 3496 1358 3573 chorum
1375 3493 1480 3569 vide·

496 3624 588 3675 mus·
601 3605 716 3698 magis
735 3600 783 3673 nd
809 3597 959 3672 fabulae
982 3598 1157 3699 personas
1182 3596 1219 3673 se
1241 3615 1478 3688 conuertere,

498 3721 536 3775 et
562 3700 703 3800 saepius
725 3725 795 3800 per
817 3706 1059 3798 interpretem
1079 3698 1119 3773 lo
1150 3704 1217 3791 ui,
1265 3724 1380 3801 quam
1400 3720 1480 3769 vno

413 3874 418 3907 l
498 3820 565 3877 ote
586 3810 755 3887 cunctos.
818 3805 944 3874 finitis
967 3822 1094 3873 autem
1113 3726 1262 3901 lingulis
1286 3798 1478 3901 episodiis,

498 3928 615 4005 quum
631 3928 701 3992 ea,
730 3926 827 4003 quae
843 3898 1079 3993 acciderint,
1105 3906 1270 3975 vnaninri
1287 3918 1480 3975 concentu

497 4022 722 4093 retractant,
748 4004 973 4093 diiudicant,
1003 4024 1104 4076 recte
1127 4002 1225 4077 sacta
1242 4000 1419 4092 laudant,
1450 3995 1478 4071 li

498 4132 573 4207 qua
588 4106 710 4194 secus,
741 4110 971 4206 vituperant,
1006 4104 1303 4196 admonitiones,
1337 4100 1477 4219 lement-

481 4238 483 4243 ·
1369 4220 1477 4279 tatro-

528 4434 575 4533 e)
598 4462 629 4509 v.
644 4436 768 4595 Dgcer.
789 4434 833 4503 ad
851 4432 1020 4507 Aristotel.
1039 4440 1136 4507 Poet.
1153 4462 1194 4535 p,
1207 4440 1281 4527 348.
1329 4448 1366 4500 et
1379 4430 1477 4499 Curt.

583 4552 620 4617 p.
639 4550 677 4615 ¹7
701 4572 711 4590 .
935 4580 938 4587 .
