3909 5792
881 994 1081 1049 Μ
1421 1014 1473 1093 ²9

487 1186 593 1265 leret.
660 1184 806 1260 Omnes
844 1183 979 1284 populi
1010 1212 1035 1260 a
1049 1112 1137 1262 'utri
1165 1189 1472 1295 (Gariglionet

487 1313 606 1390 usque
636 1286 687 1359 ud
713 1284 833 1359 finum
856 1285 1107 1379 Adriaticum,
1146 1292 1275 1385 Mart,
1311 1294 1468 1392 Peligni,

486 1394 680 1476 Picentes,
705 1390 930 1479 Marrucini,
955 1390 1118 1480 Lucani,
1151 1394 1354 1485 Samnites,
1378 1402 1468 1469 con·
1582 1452 1586 1465 ,

486 1492 607 1570 stituta
638 1513 742 1561 noua
764 1487 947 1590 Republ.‚
985 1494 1092 1564 cuiun
1116 1514 1230 1592 caput
1254 1515 1332 1569 erat
1352 1492 1470 1568 Corfi-

486 1597 592 1665 nium
618 1589 754 1680 (hodie
777 1593 833 1665 St.
857 1591 1048 1684 Pelino),
1075 1592 1200 1668 ttalica
1224 1594 1342 1685 dicta,
1366 1592 1468 1668 sena·

487 1715 607 1792 tuque
628 1689 732 1765 lecto
759 1695 810 1769 D.
837 1697 1024 1782 virorum,
1074 1713 1112 1767 et
1136 1692 1348 1769 consulibus
1369 1692 1468 1770 binis

488 1813 526 1870 et
550 1795 632 1867 ΧΠ.
658 1790 895 1893 praetoribus
919 1797 960 1867 in
981 1819 1123 1869 annum
1147 1798 1298 1885 creatis,
1338 1799 1469 1869 coniu-

486 1913 625 1978 ratum,
654 1900 858 1971 exercitum
873 1916 1097 1995 coegerunt,
1121 1902 1334 1998 paratisque
1348 1899 1470 1969 omui·

485 1996 578 2086 bus,
622 2020 721 2096 quae
745 1992 861 2073 elsent
884 1994 1103 2091 necessaria,
1140 2025 1259 2101 quum
1284 1996 1467 2089 riderent,

486 2098 523 2173 se
546 2100 723 2171 Romanis
771 2103 948 2174 arctiores
974 2099 1023 2172 ad
1047 2098 1191 2174 bellum
1211 2096 1303 2190 elle,
1341 2097 1467 2173 occiso

486 2197 610 2275 Asculi
639 2203 678 2269 iu
695 2122 771 2297 ips
791 2198 972 2275 ludorum
994 2198 1209 2303 frequentin
1224 2203 1273 2295 Q.
1293 2196 1468 2290 Seruilio,

485 2297 731 2402 proconsule,
767 2304 924 2402 eiusque
945 2300 1093 2402 legato,
1129 2304 1308 2392 Fonteio,
1336 2324 1470 2394 cruen-

486 2402 656 2474 till'unurn
677 2399 817 2475 bellum
839 2427 873 2475 a.
891 2400 975 2486 664.
991 2401 1169 2503 auspicati
1185 2400 1277 2477 sunt.
1323 2397 1471 2474 Aduer⁴

486 2501 525 2577 lo
547 2501 685 2573 deinde
701 2502 822 2577 Marte
842 2502 1096 2603 pugnantibus
1123 2505 1323 2593 Romanis,
1346 2514 1470 2603 quum·

488 2601 617 2678 consul
634 2605 675 2673 P.
700 2602 859 2677 Rutilius
875 2608 933 2679 Lu
962 2631 1025 2695 us,
1063 2600 1174 2677 clade
1203 2623 1378 2704 accepta,
1417 2626 1467 2677 ex

485 2704 642 2778 vulnere
663 2700 879 2798 decuisset,
943 2724 1001 2781 ter
1024 2728 1115 2778 vero
1139 2703 1268 2780 consul
1284 2707 1326 2777 L.
1347 2701 1467 2777 lulius

487 2802 640 2887 Caelitr,
666 2826 776 2902 aegre
792 2802 881 2905 fuga
903 2803 1045 2907 elapsus
1062 2801 1173 2898 esset,
1197 2802 1338 2881 Etrusci
1352 2807 1468 2881 etiem

487 2922 525 2977 et
540 2897 691 2993 Vmbri,
719 2909 784 3003 qui
801 2910 842 2979 in
859 2903 936 2979 fide
959 2905 1085 2982 adhuc
1101 2904 1396 3007 permanserant,
1414 2902 1468 2981 etl

485 3003 669 3079 sociorum
689 3024 811 3104 purten
828 3004 1060 3081 defecerunt.
1089 3006 1260 3100 Senatus,
1277 3024 1466 3098 metuent,

484 3131 536 3180 ne
558 3122 660 3177 tantu
682 3104 771 3179 belli
797 3105 900 3182 mole
924 3113 1218 3211 opprimeretur,
1257 3108 1299 3181 L.
1325 3104 1466 3182 Iulium

487 3205 570 3281 Cos.
590 3205 639 3277 ad
656 3211 740 3281 exit.
759 3233 792 3281 a.
813 3208 900 3299 664.
925 3207 1049 3311 legem
1066 3208 1168 3286 serre
1183 3204 1296 3299 iulsrt,
1324 3232 1400 3307 qua
1417 3212 1467 3282 iit

479 3306 665 3412 populis,
715 3315 785 3411 qui
812 3312 871 3383 cd
903 3337 994 3385 eum
1021 3313 1129 3384 diem
1162 3316 1254 3383 iura
1277 3308 1467 3407 foederis

484 3409 629 3492 [attera
649 3407 897 3508 lrabuiffent,
912 3411 953 3509 fi
968 3411 1099 3511 fundi
1117 3410 1386 3512 leuifierent,
1412 3408 1467 3483 ciss

483 3517 585 3587 vitas
601 3513 791 3585 Romana
817 3516 996 3590 daretur.
1051 3516 1139 3611 Qua
1153 3468 1242 3613 lege
1261 3536 1379 3613 quum
1402 3534 1465 3585 ve-

482 3631 581 3703 teres
605 3609 714 3704 socii,
740 3617 859 3717 quiin
882 3613 959 3691 fide
978 3613 1206 3705 manserant,
1228 3614 1366 3687 arctius
1386 3612 1463 3686 Ro·

482 3714 603 3787 manis
626 3714 792 3789 deuincti
815 3708 948 3809 essent,
976 3737 1034 3809 et,
1059 3720 1126 3819 qui
1145 3714 1391 3802 deseruerant,
1411 3708 1465 3789 ad

482 3811 638 3890 similem
663 3814 765 3915 spem
794 3823 932 3909 erecti,
978 3824 1103 3893 minue
1142 3815 1294 3892 crudele
1319 3810 1464 3897 bellum

482 3913 556 3993 elle
576 3922 713 4017 coepit.
764 3920 872 3994 Hauc
893 3917 1018 4021 legem
1035 3916 1188 4008 Iuliam,
1216 3941 1333 4019 quum
1352 3913 1463 3991 multi

481 4018 617 4121 populi
631 4016 740 4092 fundi
755 4017 835 4094 steti
860 4020 1024 4112 nollent,
1043 4039 1236 4095 metuente
1252 4017 1390 4108 senatu,
1409 4039 1463 4093 ne

481 4119 738 4195 vehementius
756 4118 843 4195 belli
856 4123 1028 4199 flammae
1043 4138 1301 4221 erumperent,
1331 4138 1368 4191 et
1383 4117 1462 4223 sug·

481 4219 579 4324 gesta
613 4219 703 4295 hinc
735 4220 838 4298 illinc
861 4228 1035 4311 materie,
1071 4245 1192 4296 nouas
1208 4225 1249 4292 in
1267 4222 1346 4294 dies
1364 4226 1463 4303 vireo

480 4341 679 4421 caperent,
721 4320 845 4395 secuta
873 4321 923 4398 est
945 4350 978 4395 a.
998 4321 1084 4398 665.
1135 4321 1280 4396 Plautia
1299 4324 1462 4425 Papiria,

480 4447 557 4521 qua
581 4443 733 4496 cautum
754 4442 849 4511 erut,
876 4440 951 4502 vc,
977 4429 1049 4523 qui
1064 4422 1297 4522 foederatis
1320 4432 1460 4498 ciuita-

479 4521 585 4596 tibus
609 4524 803 4622 atlscrt'pti
824 4517 968 4619 efferre,
1008 4543 1050 4597 ec
1076 4544 1185 4604 tum,
1212 4551 1333 4626 quum
1356 4526 1461 4596 haec

477 4622 802 4725 lustrabatur,
840 4628 883 4693 in
904 4622 1037 4699 Italia
1066 4626 1315 4701 demeritum
1334 4622 1457 4694 habe·

1347 4737 1455 4803 rent,
