3909 5792
861 840 1088 916 ,ξ’-Ψ...
1418 878 1459 925 ῃ

482 1066 575 1139 dem
613 1078 738 1162 atque
766 1050 1039 1153 tonrstarem:
1067 1102 1111 1119 .-
1173 1080 1380 1155 nruzqrram
1401 1080 1465 1128 me

446 1161 704 1269 :presulum
727 1158 858 1255 austra
875 1163 918 1228 iu
935 1175 998 1229 tot
1017 1183 1069 1228 erc
1085 1172 1225 1227 tentas
1240 1160 1465 1229 dimicatio·

482 1292 578 1342 nes,
619 1281 745 1362 etque
769 1265 813 1331 in
832 1258 903 1331 Iros
918 1259 1237 1358 Jrrostrgatorum
1259 1258 1467 1330 lrorru'num

484 1367 745 1467 quotidianos
768 1366 934 1460 iuqrctus
958 1356 1201 1455 ohieoifferm
1241 1358 1467 1459 quibuscum

484 1463 651 1559 conferri
678 1479 893 1549 merentur,
938 1484 1037 1560 quae
1061 1485 1144 1559 cup.
1177 1484 1232 1529 12.
1265 1465 1364 1535 circa
1399 1460 1465 1537 sm.

485 1566 620 1639 eadem
647 1565 696 1639 tle
724 1587 765 1635 re
800 1580 928 1647 orator
957 1562 1103 1660 repetit.
1187 1559 1264 1633 Sed
1290 1588 1368 1663 quo
1387 1561 1469 1663 post

486 1665 722 1752 consulatum
748 1661 880 1737 anno?
932 1664 1123 1735 Manutius
1149 1680 1257 1761 putat
1278 1665 1329 1735 D.
1345 1664 1468 1737 'lunio

484 1768 613 1843 Silano
638 1784 675 1840 et
701 1768 743 1842 L.
767 1767 911 1839 Licinio
947 1766 1107 1835 Murena
1139 1759 1235 1837 Coll'.
1261 1762 1337 1837 hoc
1371 1762 1468 1855 esset,

484 1872 657 1969 proximo
688 1864 770 1967 post
801 1863 1034 1939 conlitlatum
1054 1888 1179 1955 anno,
1229 1868 1406 1939 nimirum
1434 1892 1469 1938 a.

486 1974 532 2044 V.
557 1972 600 2045 C.
622 1973 723 2043 Varr.
745 1970 831 2065 692.
857 1986 895 2039 et
912 1966 1054 2065 colligit
1068 1964 1162 2038 illud
1183 1989 1230 2038 est
1253 1992 1336 2067 cap.
1355 1968 1389 2041 5.
1407 1966 1471 2040 vbi

487 2070 582 2143 haec
604 2069 796 2165 leguntur:
847 2066 1027 2164 esserum
1050 2066 1258 2161 obscurum
1275 2075 1472 2167 proximis
1539 2100 1543 2107 ·

491 2162 712 2268 ‹ansaribns
737 2166 843 2241 huuc
870 2196 958 2239 curu
984 2166 1196 2267 clariffimo
1227 2174 1472 2267 imperatore
1593 2248 1597 2255 ,

488 2276 535 2347 L.
561 2260 756 2350 Lucullo,
784 2272 896 2370 apud
919 2276 1138 2341 eremitam
1152 2266 1284 2365 siuffir.
1338 2270 1473 2345 Lucul-

490 2374 548 2446 lus
574 2394 698 2445 autem
718 2398 804 2447 cum
826 2376 993 2445 exercitu
1009 2390 1047 2442 et
1066 2374 1224 2470 imperio
1245 2376 1285 2443 in
1305 2370 1385 2443 Asia
1403 2370 1474 2446 suit
1581 2448 1584 2461 ,

492 2474 539 2547 ab
559 2503 592 2545 a.
616 2479 661 2548 V.
682 2476 725 2545 C.
753 2477 839 2545 681.
865 2472 1051 2572 usquead
1074 2474 1159 2568 687.
1185 2472 1247 2545 vbi
1271 2474 1334 2545 Μ’.
1351 2473 1473 2548 Acilio

492 2575 706 2663 Glabrioni,
740 2577 909 2673 quicum
928 2578 970 2646 C.
994 2572 1200 2673 Calpurnio
1214 2572 1347 2648 Pisone
1362 2578 1475 2669 Frugi

494 2676 624 2751 consul
646 2695 740 2765 erat,
769 2672 848 2763 vel,
883 2678 971 2773 quia
990 2673 1070 2764 hic,
1098 2676 1232 2750 auditis
1256 2676 1402 2751 Luculli
1420 2682 1475 2749 in-

493 2782 613 2863 iuria,
656 2774 704 2848 ml
737 2780 941 2849 exercitum
974 2802 1055 2849 non
1082 2781 1256 2869 venerat,
1289 2783 1474 2879 Pompeio

493 2881 692 2977 imperium
716 2875 920 2974 cogebatur
947 2877 1160 2953 concedere
1200 2884 1259 2971 (v.
1287 2879 1475 2954 Plutarch.

493 2975 703 3061 LucullT.
727 2981 756 3049 Ι.
783 2978 931 3076 Ρ.·5ι4.
962 2977 1082 3079 seq.);
1110 2979 1254 3053 uccelle
1285 2979 1475 3079 igiturest,

495 3099 534 3153 vt
551 3082 712 3179 proximi
730 3078 783 3167 illi
808 3077 999 3170 censores,
1028 3078 1163 3180 quibus
1182 3082 1390 3179 magistratu
1411 3083 1477 3156 luo

494 3178 735 3279 iungentibus
770 3178 923 3252 Archias
955 3207 1042 3255 cum
1069 3181 1227 3275 Lucullo
1251 3188 1478 3283 imperatore

496 3280 628 3368 suerit,
656 3276 724 3351 srnt
742 3284 782 3351 L.
815 3280 957 3353 Gellius
976 3281 1173 3356 Poblicola
1191 3304 1229 3357 et
1246 3286 1314 3359 Cn.
1339 3288 1483 3356 Corne-

496 3383 567 3457 lius
584 3379 762 3475 Lentulus
787 3380 1009 3472 Clodianus,
1038 3389 1103 3484 qui
1133 3412 1165 3457 a.
1186 3388 1230 3459 V.
1256 3392 1297 3459 C.
1320 3386 1404 3467 684.
1423 3388 1475 3456 M.

497 3488 641 3558 Licinio
661 3482 783 3555 Grall'o
805 3503 842 3554 et
861 3491 928 3556 Cn.
948 3488 1132 3585 Pompeio
1149 3490 1288 3585 Magno
1307 3483 1401 3559 Coll.
1424 3484 1479 3557 lu·

499 3584 606 3658 strunt
638 3586 800 3657 LXVlll.
820 3584 1002 3659 lecerunt.
1063 3590 1159 3661 Nam
1183 3594 1378 3689 propiores
1395 3586 1479 3679 illis,

497 3684 636 3759 scilicet
661 3690 709 3780 Q.
734 3689 918 3759 Lutatium
947 3687 1121 3761 Catulum
1152 3709 1190 3762 et
1223 3694 1274 3763 Μ.
1294 3691 1479 3761 Licinium

446 3872 453 3883 κ
501 3783 699 3874 Graiium,·
737 3790 800 3887 qui
827 3792 867 3860 L.
899 3789 1051 3861 Aurelio
1073 3792 1184 3863 Cotta
1211 3810 1249 3862 et
1273 3794 1311 3862 L.
1335 3789 1479 3863 Manlio

499 3890 694 3989 Torquato
713 3887 807 3960 Coss.
826 3916 859 3960 a.
881 3890 965 3986 sui).
985 3896 1116 3979 creati3
1143 3912 1207 3963 aut
1229 3896 1268 3963 L.
1288 3891 1481 3964 Aurelium

500 3992 651 4064 Cottum
679 4014 765 4061 cum
785 3991 835 4085 Q.
865 3990 1030 4065 Caecilio
1054 3991 1209 4065 Metello
1232 3995 1321 4082 Pio,
1364 3997 1429 4093 qui
1444 4019 1479 4065 a.

501 4090 589 4186 690.
603 4094 656 4161 L.
673 4088 768 4161 lulio
784 4090 938 4164 Caesare
955 4112 993 4164 et
1013 4095 1055 4165 C.
1076 4097 1220 4167 Marcio
1241 4093 1370 4189 Figulo
1384 4092 1479 4167 Coss.

499 4187 539 4262 h.
558 4214 591 4262 e.
611 4195 782 4290 proximo
815 4212 902 4265 ante
932 4195 1123 4268 Ciceronis
1145 4195 1394 4283 consulatum,
1427 4200 1483 4267 in·

497 4288 665 4390 telligere
686 4316 730 4363 ea
753 4292 802 4366 de
824 4290 927 4367 causa
952 4320 1031 4367 uon
1056 4294 1163 4386 licet,
1204 4297 1310 4396 quod
1330 4295 1482 4368 lustrum

495 4388 556 4469 his
587 4388 799 4467 censoribus
837 4395 1032 4469 conditum
1066 4422 1146 4470 non
1176 4395 1277 4475 suit:
1330 4416 1480 4469 mortuo

496 4496 601 4593 enim
619 4494 773 4570 Metello
791 4498 884 4588 Pio,
906 4516 946 4571 rt
963 4520 1011 4573 ex
1029 4501 1159 4574 Dione
1182 4496 1351 4671 constat13
1370 4500 1480 4569 Cotta

1304 4597 1480 4676 udicare
