3909 5792
670 976 787 1039 rent,
804 954 843 1054 fi
859 954 944 1027 LX
965 944 1104 1027 diebus
1122 960 1238 1056 apud
1248 974 1484 1057 praetorem
1505 984 1666 1035 nomen

670 1058 792 1157 efflent
815 1054 1005 1162 P'QfQffi’
1048 1061 1152 1129 ciues
1184 1062 1361 1131 liornarti
1389 1066 1548 1159 optimo
1573 1068 1665 1137 iure

657 1164 824 1267 fierent.
876 1163 1090 1237 Discrimen
1109 1159 1241 1233 harntu
1257 1160 1383 1259 legum
1404 1166 1443 1233 in
1464 1160 1544 1237 hoc
1562 1182 1662 1245 erut,

669 1264 775 1371 quod
808 1261 902 1337 tulta
934 1261 997 1336 lex
1024 1260 1180 1365 populis
1203 1282 1366 1351 tautum,
1416 1266 1483 1365 qui
1508 1268 1555 1337 in
1584 1262 1664 1339 fido

668 1364 898 1455 manserant,
930 1360 1010 1451 rel,
1042 1360 1195 1437 Banna
1212 1362 1427 1453 sumserunt,
1464 1388 1509 1436 ea
1538 1364 1664 1467 depo-

670 1468 837 1556 suerant,
863 1462 889 1538 st
914 1461 1024 1535 tundi
1049 1460 1141 1563 legis
1162 1462 1317 1552 fierent,
1343 1462 1418 1535 hoc
1437 1462 1509 1553 est,
1540 1464 1571 1539 st
1595 1468 1665 1541 do·

668 1573 861 1643 nationem
879 1569 1114 1663 acciperem,
1139 1568 1298 1640 ciuitatis
1317 1569 1373 1637 ius
1387 1566 1664 1667 permittebat;

668 1672 815 1749 Plautia
838 1668 986 1766 Papiria
1011 1664 1157 1739 ciuibus
1188 1664 1413 1765 singillatim,
1445 1674 1663 1768 peregrinio

668 1782 747 1869 inpi
760 1775 856 1856 nnis,
910 1768 1033 1867 quiin
1053 1766 1262 1841 foederatas
1289 1770 1456 1841 ciuitates
1477 1769 1662 1873 adscripti

671 1891 794 1964 erant,
818 1866 936 1943 inodo
953 1868 1113 1945 initalia
1129 1888 1229 1961 tum,
1256 1894 1374 1970 quum
1388 1868 1451 1943 lex
1468 1868 1549 1943 lata
1567 1894 1661 1962 erat,

668 1974 707 2049 h.
736 1999 769 2047 e.
797 1996 858 2044 an.
886 1969 992 2063 nou,
1035 1970 1268 2047 dorniciiium
1286 1969 1485 2060 haberent,
1511 1968 1663 2047 stium

667 2080 747 2151 tx.
777 2074 923 2148 dierum
945 2071 1101 2173 spatium
1120 2072 1232 2145 aluta
1256 2071 1359 2171 lege,
1387 2098 1466 2174 quo
1488 2098 1661 2173 praeter.

648 2166 770 2283 ¹'lapso
791 2182 849 2251 viu
872 2176 921 2251 ad
942 2170 1169 2249 beneficium
1195 2170 1392 2247 interclusa
1416 2172 1540 2265 soret,
1591 2200 1662 2252 no-

667 2308 758 2369 rnen
779 2278 894 2355 effent
910 2272 1079 2379 proseffi‚
1103 2272 1196 2347 iliud
1215 2274 1460 2351 concedebat.
1512 2280 1601 2351 Iarn
1616 2283 1660 2353 in

668 2406 801 2488 aperto
822 2382 889 2471 est,
917 2404 985 2479 cur
998 2376 1176 2467 Archias,
1200 2374 1290 2449 licet
1311 2368 1572 2453 Heracleensis
1601 2406 1658 2455 ee·

668 2484 739 2578 set,
783 2488 885 2559 etin
911 2486 993 2554 iure
1017 2483 1175 2555 ciuitatis
1201 2476 1415 2553 foederatae
1431 2477 1654 2574 versaretur,

666 2608 794 2665 tamen
818 2610 865 2661 ex
888 2581 983 2655 Iulia
1000 2580 1084 2681 lege
1101 2584 1247 2655 Romae
1264 2584 1356 2653 ciuis
1377 2578 1458 2653 fieri
1483 2604 1570 2655 uon
1584 2606 1656 2688 po·

666 2694 799 2767 tuerit:
850 2710 969 2789 quum
996 2687 1099 2758 enirn
1131 2680 1394 2757 Heracleenses
1418 2680 1530 2755 fundi
1557 2682 1656 2786 legia

665 2792 749 2869 fieri
769 2788 933 2879 nollent,
989 2783 1051 2861 sed
1074 2783 1236 2860 foederis
1263 2783 1474 2857 libertatem
1505 2789 1654 2861 ciuitati

665 2890 900 2999 praeferrent
926 2890 1037 2982 (Cic.
1060 2883 1161 2961 Belb.
1186 2886 1267 2977 8.),
1304 2905 1435 2959 contra
1458 2884 1580 2961 fidem
1599 2887 1657 2962 le·

666 3000 721 3099 gis
746 2992 880 3069 facturi
896 2988 1044 3065 fuiffent
1063 2992 1245 3078 Romani,
1271 2985 1492 3079 Ii·ciuitati,
1538 2994 1653 3065 cuiue

666 3098 818 3171 arbitrio
841 3095 900 3165 itta
924 3088 1182 3193 pennittebar‚
1208 3087 1370 3163 velletne
1385 3086 1513 3179 linere,
1542 3098 1652 3167 ciues

664 3194 750 3273 suos
781 3200 923 3267 Romae
954 3188 1131 3277 adscribi,
1158 3216 1231 3265 nec
1262 3215 1332 3279 ne,
1420 3216 1486 3263 um
1506 3188 1593 3267 fieri
1608 3192 1654 3269 id

663 3293 864 3381 noluiffet‚
914 3297 1057 3366 inuitae
1092 3295 1218 3364 ciuem
1257 3291 1322 3366 rol
1350 3297 1358 3312 '
1388 3311 1453 3366 ent
1484 3298 1651 3395 eripere.

663 3404 794 3501 Quare
823 3393 996 3494 singulari
1019 3392 1145 3496 aliqua
1173 3390 1318 3469 senatus
1345 3392 1557 3497 populique
1572 3400 1655 3473 Ro·

662 3505 767 3577 mani
784 3497 926 3573 factum
955 3495 1176 3597 prudentia,
1221 3514 1260 3568 vt
1284 3493 1408 3595 legem
1432 3492 1513 3569 fieri
1540 3498 1655 3573 iube·

662 3623 767 3693 rent,
831 3622 902 3671 uae
918 3623 1038 3699 quum
1059 3596 1318 3672 conditionem
1340 3596 1459 3689 istam,
1501 3594 1656 3675 ficiui·

661 3724 718 3779 tas
739 3629 879 3776 fundus
896 3696 996 3775 facta
1019 3695 1124 3788 effet,
1152 3724 1228 3799 qua
1251 3696 1381 3798 singuli
1412 3704 1514 3775 ciues
1531 3726 1556 3773 a
1572 3706 1654 3777 Ro-

660 3830 773 3879 mana
796 3808 947 3879 ciuitate
976 3798 1298 3903 prohibebantur,
1335 3800 1522 3891 aboleret,
1551 3822 1651 3899 tum,

660 3904 767 4011 quod
787 3932 834 3979 ex
859 3912 985 4020 priore
1005 3902 1090 4003 lege
1111 3899 1393 3977 controuersurn
1413 3922 1509 3995 erat,
1533 3930 1652 4005 pere-

659 4012 774 4110 grinis
805 4032 828 4078 a
856 4008 1059 4079 loederatis
1082 4007 1241 4077 ciuitatis
1266 4002 1533 4097 iuredonatis,
1579 4013 1654 4082 im-

687 4108 833 4181 etrandi
859 4106 959 4180 illam
989 4110 1140 4203 copiam
1174 4103 1335 4192 faceret3
1370 4106 1652 4207 praeuidebaut

656 4136 819 4299 Erilicet,
843 4204 869 4280 fi
896 4206 1126 4295 ciuitatibus,
1153 4230 1254 4309 qnae
1273 4204 1381 4281 fundi
1404 4208 1484 4281 fieri
1502 4209 1654 4285 noluis-

658 4312 755 4403 sent,
801 4312 942 4383 ciuium
963 4333 1163 4382 nnmerum
1180 4312 1340 4383 Romam
1363 4307 1651 4410 transscriptutn

657 4410 890 4519 eripuiffeut‚
930 4408 1034 4501 fore,
1081 4426 1122 4485 rt
1138 4408 1353 4491 discordiae
1379 4420 1419 4485 et
1429 4410 1649 4505 ductiones,

1501 4515 1650 4610 quibus
