3909 5792
503 770 577 838 20'2
883 780 1071 823 m

504 963 652 1057 condis,
686 991 784 1067 quae
798 990 938 1047 veteres
962 971 1156 1079 scriptores
1169 1000 1337 1069 narrant,
1372 987 1478 1056 miru-

503 1064 621 1139 culis?
654 1068 811 1170 Semper
828 1074 874 1145 nd
889 1094 1038 1169 gentem
1052 1073 1323 1153 resricienrlum
1343 1082 1410 1171 eli,
1437 1089 1477 1157 in

502 1192 578 1269 qua
593 1168 762 1245 accidille
784 1174 1047 1272 per·hibcntur;
1098 1100 1146 1249 rle
1160 1178 1327 1254 culturae
1346 1184 1474 1280 gradu,

500 1270 550 1379 tul
567 1294 681 1371 quem
699 1272 949 1367 adscenderit,
997 1276 1219 1367 vitlentlu1n3
1271 1288 1337 1381 qui
1350 1311 1475 1359 mores

498 1376 604 1449 inea
625 1380 829 1469 regnanto,
870 1404 967 1479 quae
987 1382 1132 1477 imperii
1153 1376 1274 1451 forma
1300 1392 1471 1477 tenuerit,

499 1501 596 1579 qnos
624 1477 725 1549 culus
743 1502 805 1567 en,
844 1499 992 1577 etqnao
1010 1476 1182 1551 lor-nume
1217 1479 1376 1569 ludibria
1413 1511 1474 1559 ex·

496 1597 603 1677 perta
623 1574 675 1651 sn.
727 1579 876 1651 Deinde
891 1578 1025 1677 quilius
1049 1579 1297 1676 temporibus,
1326 1610 1402 1683 quo
1417 1612 1472 1658 re-

495 1704 579 1757 rum
592 1676 682 1755 statu
699 1704 756 1749 res
776 1684 889 1755 mirae
905 1676 1073 1751 accidille
1087 1678 1261 1769 seruntur,
1290 1709 1470 1782 quaeren-

497 1778 605 1866 dum;
631 1804 652 1851 a
670 1778 804 1879 quibus
817 1774 1050 1867 lrorninibu's,
1075 1804 1203 1879 quoue
1216 1786 1339 1857 animo
1355 1791 1469 1863 anirn-

496 1876 671 1950 rnluerl'ae
689 1876 835 1948 luerint.
880 1879 981 1949 'l'urn
998 1878 1170 1953 decanis
1186 1880 1464 1983 dispiciendum,

494 1996 650 2055 naturas
691 1978 824 2049 ordine
853 2001 919 2055 eae
948 1978 1211 2078 processerint,
1263 2011 1311 2057 an
1337 2009 1467 2060 contra

493 2096 648 2161 naturae
665 2077 809 2175 regulos
826 2085 1038 2170 euenerint;
1060 2108 1152 2155 num
1170 2109 1227 2156 res
1245 2110 1314 2184 per
1333 2086 1369 2158 le
1388 2107 1466 2161 tan·

492 2201 572 2259 tum
586 2184 624 2253 in
644 2178 677 2251 ie
690 2178 888 2253 habuerint
903 2180 1093 2271 miraculi,
1114 2182 1259 2257 auberi
1279 2185 1407 2285 pollit,
1427 2208 1466 2260 vt

490 2280 763 2363 narrationibus
800 2280 996 2361 hominum
1026 2282 1281 2361 vehementius
1314 2285 1466 2363 affecto·

489 2410 574 2465 rum
587 2384 636 2456 ad
652 2402 791 2455 tantam
804 2384 1097 2481 magnitudinem
1110 2391 1305 2459 creuerint.
1356 2393 1466 2484 Quae

489 2482 632 2561 streete
645 2483 905 2559 obserunntur:
946 2491 1095 2576 omnia,
1122 2492 1277 2587 quaein
1297 2510 1463 2561 veterum

488 2584 611 2675 libris,
649 2584 867 2675 liuesncr·is,
903 2582 977 2661 stne
992 2585 1177 2689 profanis,
1212 2608 1340 2665 notatu
1360 2595 1463 2664 irrue

488 2693 612 2767 nimus
629 2686 823 2777 miracula,
856 2686 1123 2785 intelligemus,
1158 2696 1464 2765 nouvuiuseius·

488 2790 652 2889 demque
672 2786 742 2861 elle
757 2793 920 2886 gerroris3
957 2786 1105 2863 fenalia
1124 2789 1227 2889 plus,
1253 2791 1324 2869 alio
1340 2798 1461 2865 minus

486 2915 577 2993 prae
597 2890 632 2962 le
654 2888 750 2961 serre
770 2893 850 2961 miri
864 2910 977 2989 utque
995 2889 1147 2979 insolitu
1196 2910 1235 2963 vt
1250 2889 1392 2964 necclle
1408 2889 1458 2977 lit,

485 3018 557 3073 nos
572 2988 695 3071 clalles
710 3014 840 3062 eorum
861 2990 1100 3081 constituere,
1146 2990 1280 3091 quibus
1303 2990 1364 3067 sua
1385 2995 1461 3064 cui-

487 3118 563 3201 que
578 3090 838 3180 attribuamus,
879 3116 947 3181 ne,
994 3088 1461 3195 stpennil'ceurnusoumia

486 3215 525 3269 et
538 3190 830 3283 confundamus,
871 3191 1042 3269 tenebras
1056 3192 1270 3293 palpemus,
1310 3210 1373 3263 aut
1391 3218 1459 3263 nu·

484 3296 571 3371 bern
600 3318 670 3395 pro
700 3296 847 3365 lunone
875 3292 1154 3391 amplectamur.
1223 3290 1334 3365 Tales
1367 3318 1455 3365 vero

387 3414 397 3439 ⁸
484 3394 608 3473 clnlles
629 3392 796 3469 constitui
817 3390 964 3491 poliunt
984 3412 1155 3497 quatuor.
1246 3396 1391 3471 Prirnne
1413 3419 1457 3464 en

482 3494 718 3575 attribuenda
743 3513 851 3567 erunt
879 3493 1075 3586 miracula,
1128 3520 1312 3672 ?uorum,
1355 3492 1380 3569 fi
1407 3500 1456 3565 ita

482 3599 695 3687 euenetint,
741 3595 1059 3697 quemadmodum
1081 3622 1104 3669 a
1142 3593 1361 3695 criptoribus
1380 3594 1455 3667 lide

482 3694 690 3789 dignillimis
707 3715 913 3787 narrantur,
929 3694 1052 3770 caulius
1068 3693 1129 3766 fibi
1143 3694 1268 3787 latere,
1296 3695 1355 3768 vol
1371 3722 1455 3769 acu-

479 3796 598 3875 tiffimi
616 3816 652 3867 et
673 3796 852 3873 cultilluni
880 3801 1018 3895 ingenii
1047 3795 1163 3875 homo
1192 3795 1298 3869 soteri
1322 3796 1466 3889 debet,

480 3900 604 4001 qualia
623 3898 724 3987 lunt,
753 3925 849 4005 quae
867 3897 989 3985 lestis,
1014 3896 1331 3999 praellarrtilliurne
1344 3924 1389 3970 ac
1406 3896 1454 3968 su-

477 3998 721 4088 luberrimae,
742 4024 839 4102 quus
853 4024 1017 4105 vnquarn
1031 4002 1165 4088 extitit,
1192 3998 1378 4097 religionis
1392 4024 1454 4069 au·

479 4122 582 4201 otor,
617 4100 752 4185 doctor
766 4119 802 4175 et
819 4099 952 4190 stator,
991 4098 1137 4173 (lumin
1154 4097 1211 4171 his
1232 4105 1335 4173 terris
1353 4103 1452 4170 viue-

476 4222 552 4295 ret,
591 4208 630 4275 in
653 4226 776 4277 rerum
793 4205 871 4275 eius
897 4199 1076 4298 gesnerum
1092 4205 1390 4285 commentariis,
1431 4227 1452 4271 n

475 4300 695 4407 probillrmis
722 4320 759 4375 et
781 4298 1039 4377 candidilltmis
1061 4300 1273 4375 bominibus
1300 4299 1450 4399 scriptis,

476 4402 632 4508 patralle
644 4402 886 4507 perhibetur,
933 4426 1052 4505 quum
1070 4422 1109 4477 vt
1129 4400 1164 4479 le
1181 4402 1293 4495 alius,
1322 4426 1451 4575 hquarn

617 4564 621 4571 -
1353 4528 1451 4576 urna-
