3909 5792
963 1304 1108 1370 rire
1148 1287 1427 1391 posset,
1529 1286 1742 1388 quod
1804 1308 2257 1379 exornaret,·
2331 1316 2425 1365 ex
2505 1291 2919 1366 memoriae

1021 1391 1420 1469 romtuario
1456 1387 1535 1461 id
1581 1388 2083 1490 depromeret.
2185 1397 2297 1465 Ex
2353 1394 2505 1483 his,
2563 1419 2757 1494 quae
2791 1391 2919 1464 ad-

963 1426 1116 1571 lluc
1149 1492 1552 1581 habemus,
1604 1488 2075 1567 breuioribus
2114 1494 2426 1594 poeseos
2474 1519 2921 1573 monumen-9

962 1603 1058 1673 tis
1106 1593 1162 1667 fi
1205 1598 1633 1670 coniectura
1669 1593 1767 1667 ad
1813 1597 2070 1694 epica,
2125 1620 2319 1695 quae
2359 1597 2719 1685 condidit,
2765 1620 2921 1669 car·

967 1702 1176 1775 mina
1215 1692 1442 1767 valet:
1526 1696 1879 1799 equidem
1940 1697 2305 1771 mediocri
2351 1697 2616 1770 dolore
2664 1696 2922 1795 lugen-

971 1800 1158 1873 dum
1195 1792 1500 1885 censeo,
1553 1797 1763 1902 quod
1812 1804 2169 1899 temporis
2218 1803 2486 1871 iniuria
2527 1804 2605 1870 in
2648 1822 2738 1869 ea
2778 1799 2924 1870 sae-

970 1905 1141 1990 viit,
1254 1923 1342 1971 ac
1403 1922 1506 1970 ne
1555 1895 1930 1997 vestigium
1977 1900 2285 2001 quidem
2346 1899 2575 1973 vllum
2642 1898 2739 1970 ad
2780 1924 2927 1971 nos

1033 2003 1377 2101 emenire
1414 2002 1592 2073 fluit.
1714 2004 1906 2074 Nam
1969 2028 2208 2074 rerum
2235 2058 2251 2091 ,
2334 2026 2531 2103 quae
2562 2018 2789 2101 poeta
2830 2024 2925 2072 ex

973 2029 1052 2181 Pe
1145 2105 1538 2201 rogignere
1574 2121 1649 2175 et
1683 2105 1790 2189 iis,
1845 2128 2042 2207 quae
2080 2104 2535 2191 acciderunt,
2594 2106 2945 2183 intexere

951 2129 1252 2294 deget,
1301 2222 1379 2275 vt
1417 2204 2051 2304 totum'aliqnod,
2106 2205 2315 2307 qnod
2357 2205 2507 2304 ipsa
2532 2202 2680 2294 illa,
2736 2228 2933 2304 quae

980 2323 1249 2379 natura
1288 2303 1687 2403 producit,
1786 2332 2019 2404 quum
2082 2305 2480 2405 splendore
2523 2324 2683 2379 tum
2731 2330 2933 2381 nexu

980 2407 1319 2506 superet,
1417 2401 1677 2502 insigni
1763 2407 2061 2479 vndetur
2096 2470 2103 2475 .
2143 2404 2502 2481 labos-affe
2579 2414 2891 2507 penuria
2912 2436 2948 2481 :-

984 2532 1224 2608 quum
1278 2508 1479 2578 enim
1532 2523 1683 2577 tam
1743 2506 1914 2578 vilia
1980 2525 2414 2605 argumenta
2490 2525 2935 2582 tractaturus

863 2682 870 2687 .
986 2607 1342 2681 auxilium
1407 2605 2039 2708 circumspexerit,
2140 2627 2252 2697 et,
2329 2606 2453 2680 vbi
2518 2613 2934 2698 inuenerat,

989 2709 1329 2795 securus,
1384 2709 1551 2806 quis
1605 2706 2037 2805 praestaret,
2091 2706 2337 2781 bonus
2386 2734 2484 2782 an
2528 2708 2765 2783 malus
2828 2736 2939 2785 es·-

988 2808 1134 2897 I'et‚
1185 2811 1265 2881 in
1299 2804 1458 2879 vsus
1497 2804 1664 2880 suos
1713 2806 2175 2898 adhibuerit3
2241 2808 2425 2910 quid
2467 2808 2507 2881 f
2576 2810 2717 2885 ·iss'e
2762 2815 2946 2889 eum'

991 2906 1482 2981 existimemus
1509 2960 1530 2990 ‚
1610 2934 1844 3007 quum
1909 2912 2123 2983 Marii
2174 2929 2304 2983 aut
2336 2835 2629 2985 Luchs
2657 2937 2773 2986 res
2817 2938 2942 3011 ge-

989 3007 1128 3085 ssas
1172 3011 1391 3107 epico
1428 3011 1757 3083 carmine
1790 3010 2150 3083 caneret?
2220 3011 2441 3082 Haud
2469 3012 2697 3087 dubie
2730 3012 2939 3106 nihil,

989 3108 1126 3183 nili
1160 3106 1532 3182 historiam
1567 3109 1901 3183 exhibuit
1937 3110 2260 3184 vet-libus
2305 3111 2787 3213 descriptam;
2842 3134 2961 3207 θη·

992 3211 1048 3286 fi
1087 3209 1270 3312 quid
1313 3209 1774 3286 laudandtun
1815 3212 1955 3285 istis
1996 3217 2074 3283 in
2129 3212 2576 3286 carminibus
2636 3214 2814 3308 fuit,
2862 3214 2947 3296 id

992 3312 1157 3402 fuit,
1216 3311 1426 3413 quod
1457 3338 1576 3387 res
1605 3312 1906 3388 easdem
1931 3319 2405 3387 commutatis
2440 3314 2685 3389 verbis
2716 3343 2955 3392 enun-

997 3419 1247 3503 ciat-it,
1303 3432 1416 3502 et,
1497 3415 1706 3517 quod
1754 3418 1832 3486 in
1875 3440 2122 3489 rerum
2173 3420 2528 3491 varietate
2588 3416 2950 3491 deficiet-a-

995 3516 1254 3604 batur,
1332 3515 1414 3587 id
1460 3522 1812 3593 varietate
1877 3516 2278 3590 verborum
2300 3572 2319 3607 ,
2400 3535 2476 3590 et
2529 3517 2729 3592 culta
2770 3508 2953 3590 xora-

995 3623 1210 3694 tione
1234 3670 1253 3707 ‚
1331 3620 1847 3718 antiquitatem
1909 3616 2340 3712 redolente,
2431 3617 2945 3721 compensarit.

997 3717 1241 3814 Quod
1273 3719 1545 3793 Cicero
1592 3717 1925 3811 testatur,
2018 3744 2192 3792 cum
2247 3718 2603 3825 applausu
2638 3738 2953 3819 excepta

999 3819 1148 3893 else
1188 3844 1236 3893 a
1278 3822 1673 3913 Romania,
1780 3847 1976 3923 quae
2022 3820 2322 3895 Archias
2371 3825 2449 3892 in
2497 3818 2796 3893 laudem
2830 3845 2957 3894 eo-

998 3943 1172 3993 rum
1203 3920 1614 4013 ceciniss'et3
1665 3921 1744 3995 id
1779 3948 1935 3995 non
1970 3919 2231 4012 efficit,
2282 3941 2361 3993 vt
2399 3918 2547 3993 alio
2592 3920 2822 3993 modo
2846 3926 2957 3993 iu-

1000 4021 1283 4100 dicium
1337 4023 1888 4100 moderandum
1953 4021 2057 4095 fit.
2159 4026 2351 4095 Nam
2422 4020 2703 4094 constat
2729 4076 2747 4113 ‚
2800 4020 2961 4096 lau-

1001 4123 1201 4212 dem,
1255 4120 1305 4194 fi
1346 4130 1670 4223 pretium
1701 4122 1928 4197 inesse
1962 4122 2310 4211 velimus,
2362 4146 2408 4193 a
2451 4120 2757 4195 laudato
2792 4127 2958 4199 viro

999 4222 1369 4324 proficisci
1417 4225 1734 4313 debere,
1799 4226 1881 4297 id
1924 4222 2061 4314 est,
2131 4221 2225 4294 ab
2274 4245 2369 4296 eo
2416 4227 2577 4296 viro
2605 4275 2625 4313 ,
2696 4229 2831 4326 qui
2878 4228 2965 4299 in

1002 4324 1158 4400 hoc
1192 4349 1466 4420 genere
1493 4327 1802 4414 virtutis,
1857 4325 2067 4423 quod
2107 4322 2335 4397 laude
2378 4320 2503 4397 sua
2534 4346 2777 4419 ornat,
2811 4324 2967 4427 ipse

1005 4424 1356 4498 excellat:
1412 4425 1597 4526 quid
1634 4446 1813 4496 vero
1842 4430 2058 4523 pretii
2097 4422 2239 4499 effe
2268 4422 2699 4526 putabimus
2730 4426 2959 4513 laudi,

1006 4550 1237 4626 quam
1268 4530 1547 4601 Marius
1581 4529 1653 4598 ei
1696 4523 1993 4614 tribuit,
2045 4528 2365 4615 Marius,
2504 4549 2677 4597 uem
2712 4526 2968 4597 durio-

1007 4648 1172 4703 rem
1221 4626 1318 4701 ad
1354 4628 1560 4702 'haec
1595 4624 1826 4699 studia
1868 4622 2076 4700 suiss'e
2108 4625 2263 4726 ipse
2302 4628 2373 4698 T
2487 4630 2592 4693 ‘us
2638 4646 2799 4693 non
2853 4650 2966 4697 re-

1011 4732 1229 4817 ticet,
1302 4746 1378 4803 et
1432 4726 1727 4804 historia
1775 4748 2031 4801 rerum
2074 4728 2593 4804 Romanarum
2634 4718 2967 4803 clamat?

2775 4830 2964 4927 quid
