3909 5792
476 721 524 804 '50
877 752 1072 770 -”····“

480 924 666 1001 iudicibus
681 916 947 994 commendare
962 915 1069 988 aulus
1088 913 1188 990 ellet.
1242 920 1372 1012 Quare
1388 938 1485 1016 per·
1502 915 1511 925 ”

483 1027 622 1103 l'ualutn
654 1021 745 1094 mihi
769 1018 919 1107 habeo,
965 1039 1120 1119 poetam
1145 1039 1298 1090 eatenus
1324 1038 1487 1092 tantum

481 1128 625 1203 bellum
644 1121 738 1196 illud
756 1118 1018 1192 atroeillnnum
1035 1140 1073 1191 et
1086 1122 1342 1193 Romanorum
1359 1118 1488 1194 rebus

482 1233 644 1304 maxime
660 1219 908 1324 periculosum
925 1219 1142 1311 celebratio,
1169 1225 1492 1321 quatenusMatii

483 1337 598 1403 virtus
615 1325 655 1399 id
678 1321 953 1411 administrarit,
999 1342 1038 1394 et
1061 1320 1295 1394 occasionem
1316 1322 1493 1398 inclare-

489 1422 616 1507 scendi
650 1445 688 1499 et
709 1425 818 1499 latius
837 1421 966 1496 lumen
990 1422 1095 1494 lnutn
1122 1421 1345 1496 effundendi
1364 1446 1493 1500 nacta

487 1534 538 1606 lit.
590 1525 703 1601 Haud
730 1522 844 1597 dubie
863 1524 945 1598 linis
970 1529 1184 1624 primarius,
1211 1549 1327 1624 quem
1348 1528 1496 1602 conle-

488 1634 554 1736 qui
570 1627 749 1716 studebat,
774 1625 838 1700 hic
856 1623 936 1716 fuit,
957 1640 997 1698 vt
1017 1627 1182 1715 doceret,
1210 1626 1496 1727 actmnfuiffe

489 1740 541 1808 cle
570 1732 784 1816 Romanis,
824 1727 896 1823 nist
915 1730 1075 1799 Marius
1101 1729 1164 1799 illi
1180 1727 1322 1822 seculo
1351 1737 1496 1802 oon-ti-

487 1831 601 1935 gislet
626 1837 683 1920 (v.
701 1826 798 1900 Flor.
816 1831 878 1915 ΙΙΙ,
901 1831 973 1908 δὴ.
1025 1830 1194 1928 Spatium
1210 1833 1397 1928 tempatis,
1426 1837 1496 1904 in-

490 1915 546 2008 tra
564 1929 672 2032 quod
684 1952 742 2001 res
758 1928 835 2001 luas
849 1934 988 2002 Matius
1003 1930 1120 2027 gellit,
1147 1931 1224 2003 duo
1239 1956 1358 2003 annos
1374 1956 1496 2007 com-

490 2034 685 2137 plectitur,
719 2029 824 2102 etad
853 2056 1002 2103 cumton
1026 2032 1244 2131 aptillitnum
1268 2029 1337 2120 est3
1393 2055 1438 2108 et
1466 2033 1497 2111 fi

521 2153 608 2208 oeta
624 2131 685 2203 vel
701 2153 781 2205 arte
796 2132 972 2229 polluerit
991 2133 1048 2204 vel
1064 2155 1195 2206 natura
1215 2132 1384 2225 valuen't,
1401 2160 1496 2212 non

492 2165 613 2311 lolum
636 2232 749 2323 istud,
789 2235 895 2332 quod
923 2238 1031 2306 Marii
1049 2240 1161 2308 virtus
1187 2260 1254 2335 per
1269 2234 1340 2306 hos
1360 2262 1497 2314 annos

494 2337 632 2425 edidit,
677 2339 729 2406 ita
741 2353 830 2433 apte
843 2356 1070 2410 connectere
1085 2342 1222 2435 potuit,
1259 2354 1298 2408 vt
1316 2334 1496 2415 lectores

496 2464 571 2517 vno
589 2441 723 2508 iutuitu
743 2442 868 2510 ontnia
885 2458 1073 2538 caperent,
1098 2463 1225 2511 verum
1243 2441 1368 2530 etiam,
1386 2468 1498 2542 quae

494 2535 745 2638 superioribus
764 2544 870 2611 aunis
895 2541 1119 2613 calamitates
1136 2536 1278 2640 populo
1303 2542 1495 2618 Romano

496 2640 731 2727 acciderant,
785 2640 889 2737 quod
906 2640 965 2712 vel
988 2641 1229 2714 memorabile
1254 2648 1362 2717 exiis
1394 2666 1494 2737 erat,

496 2743 621 2816 velud
643 2745 752 2813 Marii
776 2738 906 2815 laudes
922 2740 1150 2815 illusn-andas
1172 2741 1433 2836 necellan‘um,
1451 2748 1495 2819 id

498 2844 563 2916 suo
596 2842 684 2914 loco
721 2846 899 2916 intexere.
964 2849 1099 2943 Neque
1120 2844 1326 2918 verendum
1351 2845 1426 2937 est,
1454 2866 1495 2921 vt

498 2964 624 3015 retum
650 2942 810 3016 desuetit
836 2967 900 3016 ant
920 2944 1194 3045 magnificentia
1223 2967 1287 3020 aut
1305 2953 1493 3022 varietas:

497 3047 644 3113 namin
664 3046 773 3114 tertio
796 3043 988 3119 consulatu
1011 3048 1150 3139 (651.)
1178 3047 1405 3148 Tectosages
1426 3050 1491 3124 de·

496 3146 608 3228 vicit,
646 3141 709 3212 vbi
729 3144 847 3234 Sylla,
874 3147 1016 3243 legatus
1039 3155 1116 3225 eins
1134 3151 1323 3252 Copillunt
1345 3151 1492 3228 ducem

396 3292 398 3296 .
497 3242 650 3318 illorum
678 3248 779 3340 cepit
805 3261 862 3326 (v.
881 3248 1066 3323 Plutarch.
1089 3253 1175 3348 Syll.
1202 3282 1240 3354 p.
1260 3263 1395 3351 492.);
1448 3258 1491 3328 in

499 3362 634 3446 quarto
658 3338 850 3417 consulatu
866 3349 985 3439 (652.)
1004 3354 1052 3424 ad
1069 3358 1194 3455 Aquas
1211 3356 1354 3428 Sextias
1377 3357 1493 3440 (Aix

498 3474 549 3517 en
570 3447 801 3532 Prot-enee)
824 3450 1018 3525 Teutones
1041 3476 1077 3528 et
1097 3457 1305 3530 Ambrones
1321 3455 1493 3529 trucida-

495 3551 569 3636 vit,
598 3564 636 3620 et
652 3570 753 3647 pene
778 3547 1004 3650 exstirpauit3
1042 3584 1129 3630 nam
1155 3558 1302 3631 duobus
1326 3557 1493 3656 proeliis

499 3649 665 3721 ducenta
680 3646 796 3720 millia
814 3651 936 3742 caela,
971 3680 1079 3757 capta
1101 3685 1190 3734 veto
1212 3663 1417 3759 nonaginta
1436 3660 1494 3732 di·

497 3762 651 3840 cuntur,
674 3770 714 3822 vt
736 3756 797 3823 vix
821 3770 983 3853 quatuor
1007 3760 1121 3833 niillia
1146 3762 1351 3834 euaderent
1380 3764 1492 3853 (Liv.

495 3850 594 3947 Epit.
623 3855 727 3939 68.);
754 3858 794 3925 in
822 3855 954 3955 quinto
984 3861 1177 3934 consulatu
1200 3863 1371 3936 Cimbros
1399 3888 1495 3938 cum

498 3951 548 4042 Q.
573 3951 707 4023 Catulo
729 3951 918 4058 huiusque
936 3959 1060 4055 legato
1083 3967 1123 4034 L.
1149 3965 1249 4058 Sylla
1266 3963 1315 4036 ad
1333 3967 1494 4040 Vercel-

495 4044 551 4118 las
575 4049 735 4141 deleuit,
764 4082 881 4154 quum
900 4060 1004 4133 caesa
1020 4082 1171 4137 centum
1187 4086 1222 4138 et
1241 4064 1494 4167 quadraginta

433 4170 442 4182 ‘
496 4146 611 4221 millia
621 4202 633 4251 ,Ι
672 4172 782 4251 capta
812 4156 997 4257 sexaginta
1026 4163 1150 4240 ellent·
1202 4173 1268 4241 His
1291 4165 1493 4261 addamus,

498 4254 658 4350 quaein
692 4257 905 4329 muniendis
938 4258 1058 4337 castris
1090 4266 1244 4363 fecerit,
1296 4293 1375 4371 qua
1400 4293 1493 4366 arte,

497 4371 636 4448 quanta
652 4352 808 4427 audacia
835 4379 873 4431 et
897 4357 1054 4438 sollertia
1078 4368 1496 4465 Fossan1,interOcoa-

1401 4506 1496 4550 llum

1288 4686 1313 4727 l
