3909 5792
750 1323 910 1401 quo
949 1321 1089 1398 par
1116 1295 1254 1385 est,
1307 1299 1560 1370 animo
1608 1323 1700 1373 ac
1731 1295 1973 1374 studio
2011 1299 2394 1400 legerunt,
2432 1305 2525 1379 iis
2560 1300 2722 1379 sub-

744 1400 996 1475 tiliora
1073 1396 1376 1473 dicendi
1441 1419 1846 1497 praecepta
1904 1419 1982 1473 et
2035 1403 2226 1475 tradi
2284 1424 2527 1495 recte,
2625 1431 2719 1485 ao

747 1499 991 1574 multo
1051 1502 1274 1572 etiam
1346 1499 1816 1572 commodius
1879 1519 2293 1599 poterunt,
2374 1531 2600 1605 quam
2663 1502 2721 1583 fi

747 1600 1042 1674 nullam·
1065 1605 1482 1672 orationem
1497 1599 1825 1673 lectione
1855 1606 2228 1699 attigerint
2254 1658 2273 1691 ,
2348 1624 2443 1694 et,
2482 1632 2719 1707 quum

752 1698 972 1804 quasi·
993 1706 1074 1773 in
1119 1699 1362 1773 fundo
1408 1700 1602 1774 bene
1635 1706 2079 1802 praeparato
2126 1700 2511 1795 resideant,
2564 1706 2721 1807 ple-

751 1801 1034 1876 niffima
1071 1799 1451 1877 fructuum
1485 1820 1750 1875 erunt.
1850 1800 2047 1875 Illud
2097 1827 2313 1894 vero,
2368 1822 2545 1881 ante
2573 1811 2720 1907 Ρη·-

751 1930 880 1977 ma
946 1904 1289 1983 lectionis
1353 1901 1689 2003 pericula
1749 1900 2063 2001 longum
2138 1925 2722 2005 praeceptorum

753 2032 846 2079 ac
880 2007 1340 2079 monitorum
1381 2029 1671 2097 agmen,
1727 2000 1828 2075 ob
1859 2000 2240 2102 insignem,
2292 2032 2521 2106 quam
2549 2030 2725 2109 per.

755 2109 1048 2206 cepturi
1110 2105 1294 2178 inde
1360 2103 1589 2176 effent
1644 2102 2196 2194 adolescentes,
2308 2106 2716 2199 vtilitatem,

810 2206 1385 2280 raemittendum
1437 2202 1616 2295 esse,
1675 2229 2065 2303 nunquam
2123 2230 2170 2276 a
2212 2228 2337 2279 me
2376 2210 2722 2308 impetra·

750 2235 900 2397 ge,
956 2313 1174 2408 quin,
1249 2333 1398 2408 qua
1450 2305 1672 2379 decet
1703 2309 1980 2394 virum,
2052 2302 2395 2380 libertate
2428 2327 2506 2380 et
2540 2332 2720 2383 con·-

751 2408 1011 2488 stantia
1069 2434 1364 2504 negem.
1465 2409 1596 2477 His
1617 2459 1636 2495 ,
1703 2409 1836 2505 qui
1872 2408 2245 2505 incipiunt
2275 2406 2373 2480 ad
2410 2432 2567 2481 eam
2604 2434 2719 2481 ra-

755 2514 1042 2584 tionem
1075 2507 1422 2596 formari,
1486 2509 2109 2604 interpretatione
2160 2504 2364 2595 bona
2405 2524 2481 2582 et
2514 2513 2719 2608 inge-

752 2615 885 2683 nio
920 2633 1184 2683 eorum
1213 2626 1704 2707 attemperata
1737 2603 2314 2695 consulendum
2348 2608 2446 2682 nd
2474 2633 2719 2687 exem·-

753 2711 881 2812 pla
916 2708 1080 2783 sunt
1110 2707 1475 2797 ducendi,
1532 2731 1626 2780 ex
1671 2705 1981 2806 qttibuS„
2018 2708 2203 2807 quid
2240 2728 2551 2799 rectum,
2598 2734 2723 2785 ve-

752 2836 962 2900 rum,
1039 2808 1592 2909 pulchrumque
1654 2803 1770 2895 fit,
1851 2805 2179 2903 discant3
2253 2828 2455 2883 vtex
2492 2808 2719 2885 fonti·

751 2908 933 2997 buS,
1012 2908 1140 2982 suo
1185 2908 1508 2998 iudici0,
1607 2906 1897 2979 suatum
1946 2913 2214 2997 virium
2260 2908 2423 2999 vsu,
2564 2935 2720 2987 rae-

755 3029 976 3110 cepta
1041 3010 1420 3098 hauriant,
1503 3006 1773 3110 quibus
1829 3007 2157 3084 instructi
2196 3010 2294 3083 ad
2476 3016 2493 3033 ⁶
2528 3038 2606 3087 es
2644 3010 2721 3088 se

754 3130 1068 3186 conatus
1115 3108 1579 3184 transferant.
1741 3113 1841 3184 At
1896 3136 2133 3211 quum
2187 3110 2473 3213 saepius
2525 3117 2720 3191 acci-
2806 3180 2817 3193 .

752 3214 914 3302 dat,
954 3232 1032 3285 vt
1063 3214 1302 3288 aditus
1337 3212 1432 3283 ad
1480 3210 1728 3283 fontes
1770 3208 1854 3283 fit
1894 3211 2127 3312 paulo
2164 3211 2572 3306 difficilior,
2638 3232 2719 3289 et

749 3335 830 3389 vt
847 3313 1114 3414 ffpinae
1156 3339 1329 3385 eum
1361 3309 1928 3411 circumseptum
1978 3332 2316 3403 teneant,
2356 3341 2552 3417 quae
2594 3314 2719 3393 vel

707 3506 712 3511 .
753 3417 1026 3491 ducem
1069 3416 1532 3503 deterreant,
1592 3437 1690 3485 ne
1735 3418 2050 3512 propius
2097 3414 2445 3489 alumnos
2482 3415 2719 3491 addu-

752 3537 895 3607 cat,
951 3516 1106 3607 vel,
1155 3514 1206 3587 fi
1241 3515 1655 3603 adduxerit,
1708 3513 1847 3587 hos
1875 3518 1977 3591 im
2038 3515 2460 3606 ediant,.ne
2484 3518 2717 3618 plene

751 3616 936 3692 fitim
967 3617 1453 3714 restinguant:
1503 3615 1770 3715 sponte
1819 3620 1976 3688 inte
2034 3620 2291 3712 igitur,
2344 3644 2503 3690 non
2538 3617 2719 3694 leue

753 3718 896 3793 effe
942 3724 1135 3792 inter
1189 3716 1476 3789 retundi
1507 3720 1934 3816 negotium3
1987 3715 2109 3791 fed
2137 3724 2430 3815 grauius
2465 3722 2714 3813 etiam,

753 3845 982 3920 quam
1038 3746 1260 3917 vulgo
1333 3816 1516 3890 solet
1576 3812 1957 3893 aestimari.
2092 3822 2361 3923 Neque
2419 3844 2601 3892 vero
2649 3824 2717 3895 in

750 3926 902 3994 iam
955 3939 1202 4022 partes
1274 3916 1459 3991 boni
1510 3924 1932 4018 interpretis
2008 3916 2223 4018 egiffe
2307 3918 2718 3997 censendus
2804 3928 2809 3935 '

752 4022 890 4111 est,
1001 4027 1120 4113 ui,
1189 4020 1398 4124 quod
1447 4019 1943 4121 superioribus
1993 4018 2251 4095 reculis
2294 4020 2573 4099 multos
2612 4020 2720 4096 fa-

753 4050 1028 4199 ctitaffle
1079 4121 1363 4198 constat
1389 4176 1408 4211 ‚
1447 4120 1716 4222 figuras
1765 4140 2068 4193 tantum·
2100 4140 2447 4214 annotat,
2488 4144 2719 4199 meta-

805 4224 1028 4298 horas
1077 4244 1153 4298 et
1185 4228 1676 4314 metonymias
1711 4220 2107 4320 diligenter
2146 4247 2552 4316 enumerat,
2589 4222 2719 4319 fyl-

747 4251 1239 4425 fogismorum
1282 4324 1590 4398 disiecta
1615 4321 1951 4396 membra
1996 4321 2316 4424 colligit,
2372 4346 2468 4418 et,
2511 4320 2717 4429 quafi

748 4426 1186 4521 praestiterit
1229 4421 1513 4524 aliquid
1565 4423 2173 4516 memorandum,
2231 4425 2284 4500 fi
2338 4426 2487 4502 tale
2532 4420 2741 4527 quid·

752 4532 1161 4616 inuenerit,
1213 4524 1651 4626 gallinarum
1687 4522 1939 4608 instar,
1989 4527 2410 4602 vermiculis
2454 4533 2720 4600 inuen-

755 4632 846 4699 tis
872 4682 892 4718 ,
943 4632 1303 4713 crocitat;
1349 4642 1446 4713 at,
1499 4620 1552 4696 fi
1598 4625 1782 4726 quid
1816 4651 1910 4699 ex
1948 4625 2242 4700 historia
2283 4646 2358 4699 et
2401 4628 2719 4724 antiqui-

753 4745 992 4804 tatum
1038 4733 1476 4830 cognitione
1534 4722 2045 4821 illustrandum
2063 4779 2087 4818 ,
2167 4743 2301 4803 aut
2363 4722 2417 4799 fi
2468 4743 2719 4799 textus

2458 4849 2717 4902 corrua-
