3909 5792
480 919 631 1016 Quare,
658 912 683 987 st
714 938 794 987 non
810 914 918 985 tertia
941 906 1134 1010 superesset
1156 911 1274 1001 ratio,
1318 936 1403 1011 qua
1425 938 1474 987 ret
1497 918 1501 928 '

481 1018 650 1119 expediri
679 1014 818 1117 posset,
858 1018 1016 1085 omnino
1052 1010 1349 1113 praeferendam
1375 1036 1474 1113 puta·

480 1146 561 1195 rem
586 1123 745 1192 Manutii
777 1116 1012 1199 senteutiam,
1067 1112 1381 1213 dicendumque,
1426 1114 1476 1188 vd
1506 1152 1509 1159 ·

477 1220 675 1309 Archiam,
713 1245 830 1320 qnunt
853 1222 1030 1291 Ciceroni
1053 1213 1183 1287 laudes
1210 1218 1294 1286 eius
1324 1216 1476 1291 inchoa·

392 1346 394 1351 ·
482 1344 537 1397 tas
554 1322 785 1409 ostenderet,
812 1342 890 1391 non
914 1318 1004 1390 linio
1021 1313 1153 1415 egisse,
1179 1312 1241 1387 sed
1260 1336 1302 1388 vt
1324 1321 1372 1389 in
1390 1340 1477 1391 tute

481 1424 559 1500 latu
577 1422 632 1497 sui
651 1448 738 1497 enm
760 1418 1010 1522 pertraheret,
1047 1442 1143 1490 vana
1167 1414 1229 1489 ista
1249 1414 1317 1517 spe
1340 1418 1477 1494 lactan·

481 1528 575 1601 dnm
601 1524 759 1625 putasse,
792 1520 852 1594 vel
877 1524 1121 1607 Ciceronem,
1149 1523 1217 1620 qui
1232 1522 1315 1591 iam
1334 1520 1479 1595 dudum

483 1627 703 1705 consecutus
723 1648 811 1713 erat,
832 1642 869 1693 vt
884 1628 921 1695 in
939 1618 1282 1695 commemorandis
1298 1625 1361 1711 iis,
1387 1646 1481 1723 quae

482 1730 532 1801 ad
551 1726 700 1799 landem
719 1723 819 1797 snam
835 1723 891 1793 vel
915 1722 1126 1821 aagendam
1140 1720 1199 1793 vel
1218 1720 1479 1797 illustrandam
1502 1744 1505 1749 ·

482 1829 670 1915 lacerent,
698 1850 777 1897 non
796 1821 1047 1913 erubesceret,
1072 1849 1152 1897 non
1165 1820 1331 1897 Archiae
1349 1830 1480 1925 magis,
1504 1832 1509 1847 ¹

483 1954 599 2029 quam
619 1923 794 2027 suiipsius
810 1924 917 1999 causa
936 1924 1028 1997 illud
1052 1920 1282 1999 constnaiss'e.
1337 1928 1484 2001 verum

483 2029 617 2103 restare
638 2026 763 2101 adhuc
781 2024 870 2098 mihi
887 2027 1042 2125 quidem
1059 2026 1206 2100 videtur
1221 2028 1298 2115 via,
1328 2052 1412 2129 qua
1427 2052 1481 2101 ret

482 2152 736 2230 repugnantes
764 2154 1049 2227 componamus.
1111 2126 1248 2201 Habita
1278 2126 1333 2201 est
1364 2134 1482 2203 oratio

483 2258 518 2306 e.
548 2232 633 2327 693.
673 2235 724 2303 M.
750 2234 872 2329 Pupio
898 2229 1034 2305 Pisone
1064 2250 1101 2302 et
1124 2232 1178 2303 Μ.
1209 2228 1373 2303 Valerio
1389 2234 1483 2305 Mee

365 2384 377 2399 .
485 2334 557 2408 sala
578 2338 691 2430 Nigro
721 2328 815 2405 Coll.
839 2330 915 2405 hoc
942 2330 1008 2421 est,
1055 2330 1135 2430 post
1160 2328 1410 2405 consulatum
1436 2329 1482 2406 se-

485 2438 634 2521 cnnd0,
683 2460 760 2532 qno
794 2432 986 2507 censuram
1008 2430 1191 2529 gesserunt
1225 2432 1269 2503 Ρ.
1299 2432 1481 2507 Sentibus

485 2536 593 2609 Vatia
615 2554 651 2605 et
675 2538 788 2605 Maru.
810 2533 990 2607 Aemilius
1011 2532 1197 2633 Lepidus:
1234 2558 1334 2607 nam
1357 2534 1482 2611 censo·

486 2662 544 2707 re>
563 2660 608 2706 eo
628 2662 729 2707 anno
753 2655 897 2709 creatos
920 2633 1010 2725 elle,
1034 2632 1110 2735 ipse
1128 2638 1264 2709 Cicero
1290 2654 1378 2709 no'n
1406 2634 1481 2709 smit

487 2735 678 2821 dubitare,
707 2742 771 2835 qni
793 2734 912 2810 scribit
932 2735 1009 2809 hoc
1031 2761 1133 2809 armo
1149 2736 1478 2813 Nonis-Decemb.

485 2838 535 2908 ad
562 2842 723 2909 Attia-unt
751 2842 799 2926 (l,
828 2843 905 2932 ¹7·)
926 2838 1095 2931 Astura}
1134 2842 1203 2936 qni
1225 2838 1283 2909 de
1311 2839 1480 2935 censori·

487 2936 558 3009 bus
581 2944 859 3009 curatur-eraut
872 2991 888 3017 ,
917 2938 1148 3038 ‹strefsisunc
1161 2944 1204 3008 in
1210 2938 1404 3031 senatu,
1419 2939 1479 3039 se,

487 3041 713 3135 cupiditate
732 3040 967 3135 prolalgfos,
1010 3046 1176 3110 trimitan
1199 3065 1363 3137 magno
1392 3068 1476 3114 cort·

486 3136 647 3231 duride.
701 3142 809 3213 Hanc
841 3140 1056 3213 l'enteutiam
1085 3138 1256 3213 defendit
1282 3142 1477 3217 Fabricius

485 3246 526 3315 in
551 3246 624 3313 lit.
648 3242 767 3313 Cicer.
793 3266 829 3337 p.
851 3268 899 3312 m.
930 3246 998 3314 abb
1042 3239 1113 3341 seq.
1154 3246 1333 3341 quamuis
1359 3249 1479 3316 minu!

455 3386 458 3391 ·
486 3341 616 3417 validis
641 3344 878 3433 argumentis.
930 3344 1076 3415 Eodem
1101 3347 1211 3437 igitur
1235 3368 1346 3417 anno
1376 3340 1479 3418 causa

484 3442 644 3519 Archiae
672 3462 754 3515 acta
780 3438 846 3529 est,
882 3470 960 3542 qno
979 3443 1111 3542 scripta
1140 3442 1189 3515 ad
1209 3448 1384 3517 Atticum
1406 3444 1479 3533 illa,

487 3570 535 3619 ex
550 3570 625 3645 qna
649 3542 776 3615 locutu
792 3543 953 3633 adduxi,
990 3544 1159 3644 epistola,
1198 3542 1260 3617 sed
1286 3546 1409 3644 paolo
1434 3544 1478 3617 se·

486 3650 574 3719 rius.
627 3641 788 3742 Epiliola
814 3644 894 3742 post
920 3646 1007 3716 Idus
1034 3650 1123 3718 Maii
1143 3646 1276 3745 scripta
1296 3645 1371 3719 est:
1399 3672 1480 3717 nar·

484 3767 543 3820 rat
573 3752 690 3835 enim,
713 3746 773 3817 vbi
799 3744 926 3818 ldibus
948 3750 1038 3817 blaii
1060 3752 1096 3818 in
1108 3748 1290 3821 Senatum
1312 3746 1479 3835 venill'et,

515 3860 585 3920 uae
605 3847 655 3918 ibi
674 3867 756 3921 acta
774 3842 908 3935 ellent;
950 3869 1007 3939 et,
1043 3854 1130 3947 «ruia
1148 3853 1298 3923 comitia
1323 3852 1367 3919 ia
1390 3868 1482 3919 ante

485 3874 588 4019 diem
611 3952 672 4022 Vl.
695 3949 772 4019 Cal.
789 3950 888 4021 Sext.
910 3948 1021 4020 dilata
1038 3949 1109 4022 ell'e
1129 3950 1237 4039 dicit,
1265 3975 1370 4050 quae
1386 3970 1480 4039 trun,

485 4073 605 4148 quum
644 4047 824 4123 scribebat
859 4050 1069 4149 epistolam,
1108 4052 1281 4123 noudum
1313 4048 1478 4137 fuerant,

484 4168 573 4223 ante
597 4149 780 4223 Calendas
803 4150 881 4223 istas
900 4152 1079 4251 scriptam,
1098 4174 1241 4227 certum
1255 4151 1316 4225 est.
1347 4154 1480 4248 Quare

484 4254 537 4324 ita
555 4248 682 4326 statuo.
737 4254 885 4323 Gratius
916 4254 974 4325 vel
1009 4254 1220 4341 Gracclnrs,
1249 4280 1369 4355 quum
1393 4277 1481 4326 cen·

487 4350 544 4430 lus
560 4372 708 4455 tempus
723 4358 1049 4455 appropinquare,
1076 4375 1116 4432 et
1134 4362 1211 4431 iam
1222 4354 1356 4433 irtllare
1379 4352 1482 4429 vide·

1409 4472 1480 4545 ret,
