3909 5792
873 637 1070 653 -U--u—-n

483 798 663 880 otAchilli
676 799 878 876 rixantibus
890 806 993 904 pacis
1008 824 1046 879 et
1062 798 1291 878 concordiae
1302 794 1460 877 studium

485 904 743 993 commendat,
777 923 815 976 et
875 924 1031 977 uantum
1058 904 1325 978 detrimentum
1350 902 1469 979 rebus-

484 1008 651 1081 suturum
668 1002 772 1093 esset,
805 1001 831 1075 st
847 930 914 1077 sibi
929 1030 1009 1078 non
1023 1024 1219 1107 parerent,
1260 1010 1312 1077 ita
1327 1009 1370 1078 iis
1382 1004 1463 1078 inst·

485 1125 594 1196 nuat,
633 1124 672 1178 vt
688 1103 748 1177 tel
764 1108 803 1176 in
822 1104 898 1179 hoc
911 1130 987 1180 vno
1005 1102 1204 1207 specimine
1218 1124 1258 1179 et
1273 1126 1466 1179 oratorem

486 1200 656 1283 ettirum
666 1204 904 1307 prudentem,
932 1226 970 1280 et
983 1206 1128 1281 bonum
1140 1206 1334 1281 hominem
1349 1228 1466 1307 agno·

486 1310 562 1385 scas
583 1311 630 1401 *).
682 1312 725 1378 In
741 1306 881 1379 ducum
893 1329 1106 1400 conuentu,
1130 1311 1193 1382 vbi
1204 1311 1466 1407 Agamemnon

486 1410 671 1486 somnium
689 1402 867 1509 exposuit,
885 1428 1018 1482 auctor
1037 1408 1104 1501 est,
1125 1428 1320 1484 utmorem
1334 1407 1467 1481 somnii

489 1512 596 1586 dictis
610 1528 734 1609 gerat,
778 1526 816 1580 et
833 1514 1040 1584 exercitum
1055 1530 1186 1585 contro
1205 1510 1358 1581 Troiam
1374 1508 1467 1582 edu·

429 1660 431 1677 .
490 1631 569 1701 cat3
606 1634 681 1709 qua
697 1606 852 1709 quidem
868 1614 962 1683 inre
978 1609 1135 1701 fallitur,
1169 1614 1295 1685 utiam
1310 1628 1396 1683 ante
1412 1607 1466 1680 le·

463 1730 573 1787 ‘otor
584 1714 711 1797 nouit,
736 1727 774 1781 et
786 1735 917 1784 omnes
933 1710 1060 1810 postea
1075 1711 1304 1811 intelligunt,
1334 1729 1372 1783 at
1386 1733 1467 1782 nou

490 1828 632 1887 temere
645 1807 756 1900 fecit,
790 1828 908 1911 quum
923 1810 1001 1911 ipsc
1018 1810 1217 1913 significet,
1249 1808 1315 1885 nist
1328 1836 1394 1883 rex
1412 1834 1469 1882 re-

490 1930 580 2013 gum
594 1908 690 1999 esset,
718 1907 783 2011 qui
802 1911 841 1983 id
857 1912 1041 2003 narrasset,
1061 1938 1263 2016 quemque,
1306 1940 1398 1985 uum
1410 1916 1470 1983 Iu-

490 2019 588 2115 piter
604 2034 691 2085 eum
708 2028 893 2104 tueretur,
944 2010 1130 2089 somnium
1144 2036 1223 2089 non
1235 1940 1355 2125 posset
1372 2014 1471 2086 deci-

491 2138 602 2217 pere,
630 2108 665 2185 se
678 2111 726 2185 de
738 2116 891 2188 veritate
907 2120 986 2189 eius
1001 2115 1073 2189 ess'e
1086 2118 1352 2191 dubitaturum.
1401 2118 1473 2187 Ea·

381 2230 394 2249 '
492 2216 581 2288 dem
596 2210 800 2288 constantie
811 2218 851 2285 in
865 2216 1002 2317 populi
1015 2218 1202 2293 concione
1224 2215 1366 2290 bellum
1382 2242 1472 2290 con·

492 2312 717 2390 tinuandum
755 2311 879 2389 censet
902 2322 988 2413 ·**).
1058 2322 1224 2394 Hectore
1261 2316 1473 2391 fortissimos

493 2434 669 2519 quosque
686 2410 735 2487 ad
749 2435 937 2490 certarnen
951 2434 1197 2519 prouocante,
1224 2446 1342 2521 quum
1358 2444 1473 2493 nemo

492 2522 720 2616 reperiatur,
759 2520 825 2616 qui
845 2543 1011 2618 pugnam
1033 2524 1128 2597 inire
1145 2548 1232 2596 cum
1253 2547 1300 2595 eo
1323 2523 1472 2612 audeat,

493 2615 557 2693 sed
574 2635 704 2691 omnes
718 2635 860 2691 terrore
874 2619 1032 2719 percussi
1047 2626 1208 2724 impetus
1224 2626 1303 2696 eius
1317 2620 1474 2721 fugiant,

493 2714 557 2793 hic
583 2714 646 2791 suo
672 2717 846 2817 exemplo
873 2740 911 2794 et
935 2724 1157 2799 auctoritate
1176 2721 1306 2816 efficit,
1348 2742 1387 2796 vt
1404 2748 1474 2796 no·

493 2841 580 2893 vem
593 2816 746 2909 heroes,
773 2823 813 2891 in
832 2821 968 2920 quibus
981 2822 1093 2917 Aiax,
1127 2825 1295 2924 surgant,
1333 2844 1476 2898 etcum

493 2924 658 2996 Hectore
678 2920 855 2994 dimicare
871 2923 1045 3021 gestiunt3
1081 2925 1155 3001 sors
1170 2947 1314 3017 autem,
1343 2928 1404 3000 cui
1423 2924 1477 2998 se·
1573 2928 1580 2951 ¹

494 3024 552 3095 nis
568 3021 680 3097 nostri
701 3019 855 3095 confilio
871 3022 1096 3101 electionem
1112 3032 1348 3129 permittunt,
1391 3030 1478 3101 Aia-

497 3148 579 3196 cem
595 3123 642 3195 ad
656 3146 820 3221 pugnam
839 3122 1067 3201 subeundam
1086 3126 1353 3231 designat***).
1404 3134 1477 3203 Eu-

496 3222 585 3294 dem
601 3227 822 3298 aucton‘tate
838 3225 1097 3329 consequitur,
1137 3250 1176 3305 vt
1188 3246 1304 3307 naues
1323 3230 1420 3305 vallo
1438 3250 1479 3305 et

470 3347 473 3352 ’
495 3346 605 3396 muro
624 3323 893 3418 circumdent,
915 3352 996 3429 quo
1010 3331 1047 3407 se
1065 3332 1112 3406 ab
1131 3332 1290 3407 hostium
1301 3330 1478 3409 incursio-

495 3448 547 3499 ne
564 3427 718 3496 tutiores
733 3427 918 3524 praestent
934 3434 980 3521 ¹¹).
1059 3438 1189 3532 Quum
1203 3438 1478 3535 Agamemnon,

493 3522 607 3598 rebus
622 3527 745 3598 minus
761 3528 940 3631 prospere
954 3530 1076 3633 gestis,
1110 3534 1309 3641 fignificat,
1359 3534 1396 3612 se
1409 3535 1480 3609 do·

523 3678 528 3687 ·
1370 3660 1481 3713 mum

439 3936 441 3941 '
518 3874 580 3988 is)
601 3878 756 3986 15²⁸le,
780 3884 855 3988 ¹251.
875 3868 965 4010 sequ.

520 4044 582 4133 n)
602 4043 696 4109 Isi'ad.
712 4029 759 4120 β,
781 4074 811 4135 9,
827 4054 880 4120 53,
898 4063 951 4142 74
967 4075 1001 4126 et
1015 4058 1090 4145 405·
1111 4060 1202 4153 seqq·

497 4194 950 4301 ·**)ltiad.n‚125.seqq,
1198 4188 1211 4215 ··

541 4350 579 4438 *s
598 4349 691 4429 ΠΜ·
706 4368 745 4429 ἧι
764 4354 838 4425 325·
