3909 5792
489 575 562 647 118
882 570 1073 651 ,Ε

482 788 523 847 'va
539 770 777 844 humanitatis
796 760 918 840 officia
932 764 1116 863 negligat:
1155 786 1234 862 qna
1249 762 1350 843 enim
1365 756 1472 835 tede·

467 864 587 961 'litate
602 890 640 947 et
652 867 923 943 misericordiae
941 865 1040 937 senia
1053 864 1325 951 Machaonem,
1354 889 1469 963 quern

484 974 641 1055 vulnere
657 968 828 1043 laborare
844 971 1045 1061 cognouit,
1090 971 1129 1037 in
1143 969 1348 1037 tentorium
1362 990 1470 1045 reue-

485 1074 656 1151 hendurn
671 1088 797 1157 curat,
833 1086 871 1139 vt
889 1066 1006 1141 [anari
1021 1063 1128 1165 pellit
1150 1067 1204 1157 *)l
1253 1068 1343 1139 Non
1357 1070 1470 1163 igitur

487 1173 556 1264 est,
584 1171 689 1275 quod
705 1175 899 1257 miremur,
919 1170 951 1241 A
977 1192 1239 1241 anternnonenr
1256 1190 1280 1237 o
1310 1186 1407 1256 tare,
1429 1186 1470 1239 vt

489 1276 623 1357 decem
637 1270 798 1345 Nestoris
810 1267 941 1341 similes
953 1195 1114 1360 inirent,
1139 1294 1212 1343 nec
1227 1192 1415 1356 dufiitare,
1441 1264 1469 1341 st

488 1375 684 1462 acciderit,
720 1376 812 1470 quin
832 1372 988 1441 Troiam
1003 1364 1110 1441 brerii
1135 1367 1177 1443 stt
1195 1388 1370 1469 capturus
1393 1370 1465 1459 **).

412 1514 414 1519 ·
488 1480 585 1571 Quis
602 1478 719 1561 enim,
755 1477 847 1573 quin
864 1497 950 1545 cum
970 1473 1152 1544 Graeciae
1170 1470 1268 1545 duce
1281 1469 1465 1542 eiusmodi

487 1577 596 1666 virio,
623 1573 687 1645 tali
701 1572 921 1672 prudentia,
956 1591 1059 1643 tanta
1074 1596 1196 1645 rerum
1214 1574 1361 1671 peritia,
1387 1572 1465 1639 ani-

488 1698 630 1775 moque
644 1696 719 1747 tam
731 1677 999 1772 imperterrito,
1027 1679 1152 1747 omnia
1164 1692 1203 1747 ct
1213 1676 1373 1744 maxima
1387 1671 1465 1767 geri

488 1776 593 1879 polle
605 1770 785 1873 intelligat
793 1774 810 1843 ¹?
833 1777 970 1846 Nonne
988 1780 1133 1865 orrmia,
1159 1778 1312 1877 quaein
1326 1796 1373 1843 eo
1388 1794 1471 1846 cere

490 1896 649 1966 nuntur,
690 1874 772 1948 sunt
785 1874 1039 1953 admirabilia?
1087 1873 1467 1975 Siue'corporisvite'a

489 1964 682 2077 respicias,
705 1974 781 2048 [ine
798 1980 937 2073 ingenii
953 1977 1062 2051 dotes
1078 1976 1278 2078 expendas,
1305 1970 1398 2047 nihil
1412 1973 1473 2049 ine

490 2084 637 2168 venias,
677 2077 782 2178 quod
798 2103 877 2149 non
891 2081 929 2149 in
942 2079 1225 2153 admirationem
1243 2080 1380 2178 rapiat,
1414 2075 1474 2149 nir.

490 2178 556 2273 bil,
584 2178 689 2281 quod
700 2203 778 2252 non
794 2181 960 2253 aninum
970 2178 1173 2282 perfundat
1187 2178 1454 2258 delectatione,

885 2487 1005 2615 ,w

572 2741 782 2855 Quomodo
807 2742 1006 2816 Homerus
1025 2737 1200 2839 Nestoris
1220 2726 1396 2844 perfimo'

850 3002 852 3007 ,
916 2890 1057 2993 prosae.

591 3163 693 3239 Male
705 3161 893 3237 intellecta
910 3160 1043 3255 essent,
1083 3184 1123 3239 vt
1138 3171 1213 3241 iam
1232 3164 1338 3267 supra
1353 3168 1475 3245 moni·¹

493 3284 594 3355 tum,
644 3264 799 3365 poeseos
821 3284 899 3337 tum
913 3266 1006 3339 alius
1021 3272 1204 3360 cuiusuis,
1250 3289 1330 3341 tum
1343 3274 1476 3369 opicae

493 3387 719 3467 praecepta,
747 3393 845 3467 quae
860 3387 992 3442 natura
1004 3389 1130 3443 vatum
1146 3372 1334 3444 mentibus
1351 3374 1482 3445 iniunt.

495 3472 567 3566 git,
590 3466 615 3539 fi
635 3489 849 3569 expectaret
866 3472 1051 3570 quispiam
1069 3498 1091 3543 a
1110 3491 1245 3572 pocta,
1272 3491 1311 3543 vt
1333 3473 1471 3559 omnia,

494 3596 595 3668 qnae
619 3571 667 3642 ad
686 3574 858 3642 virtutem
882 3590 920 3643 ct
939 3597 1088 3645 morum
1116 3570 1341 3673 probitatem
1362 3576 1475 3672 pcrti-

495 3691 608 3760 nent,
643 3670 778 3769 regulis
795 3670 1020 3771 quibusdam
1041 3673 1398 3774 comprehenderet,
1435 3691 1476 3745 et

494 3768 709 3861 lectorem„
739 3773 831 3869 quid
848 3798 958 3873 agere
981 3773 1135 3871 debeat,
1175 3776 1318 3878 quidue
1330 3773 1474 3875 fugere,

1395 3900 1474 3953 car·

539 4159 577 4250 *)
598 4156 690 4225 Iliad.
704 4155 749 4234 λ,
772 4155 846 4225 536.

515 4308 575 4397 ”)
597 4312 690 4378 Iliad·
703 4295 751 4390 B,
778 4311 853 4398 371.
878 4308 920 4378 ci.
935 4314 1008 4381 cic.
1026 4311 1068 4379 de
1080 4312 1213 4385 senen.
1226 4334 1301 4403 nup.
1319 4337 1370 4383 to.
1398 4364 1401 4369 -
