3909 5792
883 844 1078 884 *ΕΞ-ξ

1372 866 1467 935 ¹tot
1567 826 1573 857 ²

482 1039 542 1112 tus
567 1033 612 1111 est
628 1038 743 1110 animi
760 1032 890 1111 indole
904 1017 942 1109 el
955 1054 1104 1117 morum
1123 1034 1319 1117 castitatem
1333 1026 1489 1134 tutan,

482 1136 509 1210 st
526 1139 618 1211 alios
637 1136 784 1211 afficere
798 1137 1005 1227 laborabit,
1041 1140 1184 1241 semper
1200 1141 1401 1217 ltonel'tatit
1416 1142 1475 1217 ra·'

483 1244 628 1312 tionem
647 1237 816 1326 habebit,
845 1257 882 1309 et
900 1238 1056 1330 nescius,
1084 1239 1159 1315 stne
1172 1262 1260 1330 arte,
1282 1242 1390 1315 lolius
1407 1271 1470 1331 na-

482 1353 591 1512 turpe
610 1339 724 1412 ductu
737 1358 774 1411 et
791 1337 927 1411 indolis
948 1338 1035 1413 suae
1053 1341 1229 1453 impulsu,
1247 1341 1358 1439 dulci
1380 1344 1470 1421 vtile

484 1446 537 1513 mi
553 1436 663 1514 cebir.

577 1745 651 1815 Per
671 1738 706 1812 le
721 1741 834 1838 igitur
852 1738 1010 1839 planum
1035 1738 1101 1831 est,
1140 1741 1240 1819 hanc
1261 1735 1465 1840 utilitatem,

481 1868 597 1945 quant
614 1859 729 1945 poeta
752 1865 837 1915 cum
863 1841 1117 1926 delectatione
1141 1849 1353 1942 coniungit,
1391 1846 1467 1921 atto

479 1943 638 2029 modulo
652 1944 880 2016 metiendam
899 1940 994 2034 elle,
1035 1970 1150 2044 quant
1168 1970 1251 2017 eam
1265 2000 1288 2049 ,x
1315 1971 1414 2045 quae
1428 1954 1488 2019 in·

482 2043 791 2147 philosophorum
811 2042 949 2141 scriptis
969 2049 1144 2122 cernitur.
1197 2049 1283 2118 Non
1300 2042 1377 2119 fine
1395 2049 1467 2124 rit'u

479 2146 603 2221 audiri
650 2141 762 2232 otest,
798 2141 922 2232 fuille,
967 2151 1033 2245 qui
1057 2150 1096 2223 in
1112 2148 1354 2220 Anacreontis
1377 2148 1466 2219 oda-

481 2252 545 2339 tiis
578 2172 719 2321 etllices
750 2242 900 2336 systema
932 2245 1105 2345 reperille
1132 2244 1198 2321 sthi
1231 2247 1466 2339 riderentur,

481 2349 575 2422 alios
593 2364 744 2429 contra,
774 2345 959 2418 eiusmodi
981 2347 1207 2436 cantilenas,
1237 2373 1328 2448 quas
1346 2347 1468 2447 probe

480 2448 763 2533 intellexerant,
787 2473 919 2546 patum
938 2446 996 2519 rel
1010 2448 1101 2520 nihil
1120 2449 1258 2523 ethices
1276 2454 1314 2520 in
1330 2448 1364 2521 se
1378 2474 1469 2523 ton·

481 2540 627 2637 tinere,
660 2546 808 2647 prorlbs
826 2545 1031 2623 eliminatas
1050 2548 1222 2641 voluiffe,
1247 2570 1378 2649 utpote
1399 2575 1475 2643 ¹¹07-

484 2656 588 2726 ciuas
602 2651 736 2745 magis,
764 2674 877 2755 qnam
892 2649 1011 2720 utiles.
1064 2653 1189 2747 Quam
1204 2651 1357 2751 quidem
1371 2650 1466 2722 iudi-
1489 2700 1492 2705 ·

486 2757 631 2826 ciorum
652 2745 937 2822 diuersttatetnfi
957 2755 1039 2855 quis
1055 2777 1101 2825 ex
1114 2757 1350 2849 ignoratione
1365 2758 1467 2865 Prin?

406 2920 408 2925 .
484 2855 574 2952 cipii
591 2854 713 2924 omnis
726 2848 883 2948 poeleos
903 2850 1146 2949 repetendam
1164 2852 1358 2943 existimat,
1392 2876 1468 2925 nae

482 2958 514 3026 is
535 2964 613 3024 non'
634 2950 840 3022 verendum
857 2951 989 3039 habet,
1043 2978 1091 3023 ne
1106 2958 1276 3024 iniuriam
1300 2952 1467 3029 alterutri

482 3057 581 3156 parti
592 3052 726 3147 iaciat„
769 3056 903 3148 Quiuis
920 3057 1038 3142 enirn,
1075 3054 1308 3153 quiquidem
1326 3052 1467 3135 alenstt

483 3159 564 3227 veri
581 3172 619 3229 et
704 3149 784 3224 chri
797 3178 876 3232 non
889 3153 1036 3261 prorius
1049 3153 1193 3227 alienus
1210 3162 1268 3244 ett,
1298 3153 1387 3227 scire
1403 3150 1467 3245 de«.

485 3255 573 3344 bet,
608 3274 645 3327 ta
661 3277 698 3324 es
718 3275 869 3353 poetas,
938 3259 976 3324 ui
991 3254 1195 3334 leuioribus
1209 3256 1319 3345 rebus
1342 3248 1468 3326 inhae-

485 3375 597 3443 rent,
648 3380 728 3434 non
745 3375 869 3426 tamen
884 3281 1018 3428 vilibus
1042 3361 1084 3428 iis
1105 3382 1151 3439 ao
1165 3358 1352 3457 turpibus,
1406 3355 1468 3428 sed

486 3452 648 3531 honestis
666 3462 710 3529 ¹et
730 3455 885 3529 homine
904 3457 1044 3551 dignis,
1083 3456 1217 3559 hisque
1266 3459 1329 3549 uid
1344 3455 1467 3549 luaue,

485 3557 715 3648 iucundum,
750 3556 909 3631 amabile
924 3558 1193 3659 venustumque
1209 3486 1312 3657 inlr,
1339 3561 1469 3632 carmi·

485 3685 538 3734 ne
553 3658 616 3733 luo
639 3657 834 3748 exhibent,
872 3677 913 3731 et
927 3655 994 3748 fic,
1034 3680 1216 3759 qnantum
1233 3657 1315 3758 ipfis
1332 3665 1469 3749 cogita,

485 3767 540 3834 tio
551 3758 698 3832 illarum
720 3759 920 3858 voluptatis
939 3766 1109 3857 peperit,
1147 3781 1290 3832 tantum
1306 3760 1384 3834 aliis
1401 3764 1468 3831 im-

485 3867 625 3963 pertire
641 3859 792 3950 volunt,
840 3884 905 3932 eos
928 3860 1095 3933 satisiam
1107 3859 1296 3961 pradelle,
1348 3859 1468 3933 finon

484 3979 664 4061 noceant.
714 3963 898 4061 ·Saepius
931 3966 1034 4038 enirn
1063 3981 1253 4039 momenta
1282 3963 1465 4050 incidunt,

368 4093 370 4098 ·
454 4114 457 4121 ·
483 4063 547 4138 vbi
565 4063 748 4144 eiusmodi
774 4068 980 4136 carminum
1004 4061 1142 4154 lectio,
1188 4061 1326 4137 etiamst
1343 4060 1466 4139 conse

482 4189 605 4267 quens
624 4164 714 4238 inde
726 4162 926 4238 delectatio
938 4163 1001 4235 vlu
1016 4165 1340 4255 rideatuncarere,
1362 4162 1465 4234 vium

481 4285 610 4339 tamen
627 4266 729 4339 haud
745 4263 995 4366 spernendum
1010 4266 1190 4363 praelum
1231 4264 1295 4339 nist
1309 4264 1406 4336 forte
1425 4261 1467 4339 il⁴

482 4365 551 4439 lud
564 4366 654 4441 vtile
670 4393 748 4441 non
768 4365 828 4455 fit,
847 4372 1015 4438 animum
1032 4371 1244 4466 grauiorum
1263 4390 1387 4435 rerum
1404 4384 1467 4430 co·

480 4471 663 4566 gitatione
676 4469 743 4544 diu
761 4473 968 4562 intentum,
1011 4487 1089 4569 tant
1107 4466 1262 4545 honesto
1284 4462 1400 4536 modo
1417 4458 1468 4534 la·

749 4608 754 4619 ·
798 4612 837 4627 ·-
1101 4595 1103 4599 ⁴
1166 4600 1170 4607 ¹
1226 4594 1240 4612 ··
1378 4587 1469 4643 zare
