3909 5792
574 789 602 863 8
972 793 1169 833 :ze-..⁸:¹⁹-

579 984 817 1087 corruptelae
860 982 1050 1059 medicina
1087 982 1330 1073 adhibenda,
1370 984 1430 1056 rel
1469 1003 1584 1057 tacet

578 1092 758 1177 omnino,
789 1083 873 1176 rel,
912 1112 1043 1187 parem
1073 1084 1269 1183 hrregotio
1299 1083 1335 1158 se
1357 1084 1585 1174 crediderit,

545 1218 549 1231 ’
577 1188 692 1265 talem
715 1187 751 1263 se
777 1184 956 1289 praestat,
1012 1213 1129 1287 quem
1149 1184 1332 1287 hospitem
1360 1184 1432 1259 elle
1449 1191 1491 1257 in
1518 1186 1586 1259 his

580 1290 695 1367 rebus
725 1287 836 1365 sacile
871 1286 1067 1387 intelligas.
1131 1286 1252 1362 Multa
1289 1286 1361 1360 alia
1389 1286 1493 1378 sunt,
1538 1306 1587 1359 et

581 1390 702 1489 multo
719 1389 872 1493 quidem
900 1394 1092 1491 grpuiora,
1135 1414 1233 1493 quae
1262 1388 1496 1462 obseruanda
1511 1387 1587 1461 ha-

582 1492 650 1567 bet
671 1497 721 1583 is,
761 1498 828 1595 qui
858 1490 948 1565 boni
981 1495 1194 1593 interpretis
1217 1516 1360 1565 nomen
1393 1488 1589 1591 consequi

582 1590 764 1683 voluerit3
811 1616 910 1695 quae
934 1612 1061 1667 tamen
1092 1598 1219 1666 otntria
1245 1617 1319 1667 nce
1340 1598 1392 1665 ita
1412 1589 1589 1667 suntab-

582 1694 678 1786 dita,
716 1714 755 1767 rt
779 1697 940 1767 inueniri
965 1722 988 1767 a
1006 1700 1159 1767 neruine
1183 1693 1339 1795 posl'utt,
1377 1718 1449 1765 nec
1470 1721 1495 1764 a
1522 1698 1588 1766 ni·

581 1800 700 1875 mium
715 1799 845 1895 paucis
862 1812 950 1867 ante
965 1820 1037 1868 nos
1064 1794 1257 1895 explicita,
1299 1814 1339 1867 rt
1352 1792 1417 1865 nili
1442 1793 1586 1869 denuo

582 1922 629 1973 ea
653 1894 949 1987 inculcaremus,
983 1902 1103 1968 vereri
1137 1894 1380 1983 deberemus,
1426 1921 1476 1967 ne
1509 1918 1585 1972 aut

580 1995 749 2073 inaudita
767 2015 963 2069 manerent
977 2001 1172 2097 cuiquam,
1196 2016 1260 2068 aut
1274 2002 1314 2067 in
1332 1995 1580 2074 obliuionem

580 2096 739 2173 abirent.
793 2100 918 2169 Vnum
935 2096 1049 2189 illud,
1075 2102 1316 2198 interpretem
1333 2118 1480 2197 praeter
1498 2098 1581 2174 alia

582 2200 739 2273 critices
760 2196 862 2270 rsum
879 2192 1003 2301 probe
1020 2217 1171 2289 tenere,
1198 2219 1236 2271 et
1255 2204 1384 2270 intitna
1398 2198 1581 2276 historiae

581 2318 620 2375 et
640 2304 903 2401 antiquitatum
925 2304 1141 2399 cognitione
1166 2299 1352 2373 imbutum
1368 2297 1439 2373 elle
1456 2325 1578 2399 opor·

580 2420 683 2491 tete,
709 2421 748 2474 rt
765 2426 881 2503 quum
902 2426 960 2475 ree
987 2399 1160 2475 obscuras
1173 2400 1367 2493 illustrare,
1390 2420 1468 2473 tutu
1489 2402 1577 2477 scri-

578 2520 715 2605 pturae
735 2501 957 2602 corruptelis
981 2504 1209 2576 medicinam
1231 2501 1356 2577 sacere
1374 2500 1500 2603 possit,
1530 2504 1576 2577 li-

580 2622 645 2677 cet
663 2603 791 2677 itidem
817 2602 924 2676 multi
948 2610 1183 2692 monuerint,
1210 2624 1336 2677 tamen
1359 2629 1463 2677 nunc
1485 2630 1575 2681 non

601 2702 724 2779 'ellum
741 2730 819 2778 non
841 2724 1025 2804 repetere.
1077 2710 1238 2803 Quoties
1262 2710 1363 2781 enim
1386 2706 1447 2794 sit,
1471 2725 1512 2777 vt
1529 2712 1575 2781 in
1655 2778 1658 2787 ,

575 2730 912 2895 henninchusin,
955 2830 1053 2907 quae
1081 2808 1281 2907 scripturae
1305 2812 1489 2907 prauitate
1516 2808 1573 2882 la·

574 2904 732 2995 borant;
782 2911 929 3008 quoties
953 2932 1013 2980 res
1035 2928 1241 2982 occurrunt
1263 2907 1445 2980 retaliatis
1465 2908 1571 2981 ruhi-

575 3010 664 3107 gine
684 3034 753 3108 per
770 3007 960 3079 annalium
982 3014 1201 3083 memoriam
1219 3006 1375 3098 obsitae,
1408 3008 1467 3081 vel
1485 3036 1571 3084 cer-

575 3112 623 3181 tis
649 3108 699 3183 de
720 3107 834 3184 caulis
849 3108 1018 3185 consulto
1040 3136 1062 3181 a
1082 3110 1259 3211 scriptore
1274 3109 1463 3184 obscurius
1479 3138 1571 3211 pro-

573 3206 683 3283 tatae.
766 3214 877 3309 Quae
911 3237 999 3284 cum
1026 3210 1086 3283 vel
1125 3212 1240 3286 docto
1268 3216 1480 3311 interpreti,
1527 3236 1571 3288 et

574 3310 752 3386 omnibus
772 3308 983 3413 praefidiis,
1035 3337 1133 3412 quae
1158 3310 1356 3386 necessaria
1378 3313 1476 3403 sunt,
1505 3318 1569 3387 in·

572 3410 730 3504 structo,
779 3415 973 3512 negotium
998 3408 1195 3504 facessant,
1232 3414 1481 3514 sudoremque
1500 3440 1568 3488 ex·

600 3516 753 3603 timent,
799 3514 891 3615 quid
921 3514 1110 3587 facturum
1128 3534 1208 3588 tum
1230 3520 1443 3616 imperitum
1472 3542 1565 3591 cen-

569 3538 625 3689 ses
656 3634 695 3687 et
726 3614 860 3688 talibus
895 3611 1084 3714 praefidiis
1113 3616 1354 3690 destitutum?
1398 3618 1443 3689 Id
1467 3643 1565 3692 vero

571 3738 691 3817 quum
713 3721 749 3787 in
773 3716 852 3788 aliis
880 3720 1073 3789 Ciceronis
1099 3718 1331 3791 orationibus
1365 3722 1474 3809 (nam
1487 3718 1563 3794 has

569 3816 612 3889 in
630 3815 812 3917 praesenti
827 3821 995 3916 inprimis
1007 3837 1095 3890 ante
1114 3817 1246 3892 oculos
1258 3819 1425 3912 habeo),
1457 3846 1563 3919 quae

571 3940 659 3991 aum
687 3915 985 3992 adolescentibus
1021 3918 1095 4017 legi
1127 3919 1264 4011 solent,
1312 3920 1394 3994 fieri
1432 3919 1558 4012 sciam,

570 4033 652 4091 tum
677 4020 718 4089 in
745 4042 808 4099 ea,
841 4043 939 4119 quae
957 4017 1084 4093 habita
1101 4020 1150 4093 est
1177 4048 1248 4121 pro
1273 4022 1410 4097 Archia
1428 4041 1557 4122 poeta,

569 4141 747 4219 quaeque
781 4116 832 4190 ob
863 4118 1018 4193 laudern
1044 4120 1310 4198 humaniorum
1334 4123 1555 4214 litterarum,

568 4234 756 4293 erearum
779 4246 902 4294 rerum
923 4225 1098 4319 copiam,
1143 4248 1243 4325 quae
1263 4222 1556 4299 adolescentiam

566 4324 730 4395 maxime
752 4319 880 4412 alunt,
909 4325 1029 4421 prima
1044 4323 1269 4428 plerumque
1288 4331 1371 4401 vice
1388 4330 1553 4401 enarrari

564 4419 861 4501 adolescentibus
883 4420 996 4515 solet,
1020 4426 1213 4521 medere,
1243 4430 1492 4529 interpretum
1512 4447 1553 4503 et

1447 4552 1549 4604 00111·
