3909 5792
1539 994 1915 1033 “““··“““’·““”’
1825 996 1850 1005 ”
2558 1006 2708 1083 205

762 1190 972 1307 quod
1003 1184 1467 1293 remanserit,
1523 1216 1662 1303 pro·
1687 1201 1888 1279 sacto·
1917 1198 2376 1279 habendum
2480 1204 2707 1283 Tunc

756 1328 916 1377 non
960 1301 1108 1376 fine
1167 1303 1282 1374 ali«
1324 1328 1419 1375 uo
1475 1302 1870 1403 voluptatis
1938 1304 2141 1379 sensu
2196 1305 2453 1379 videre
2498 1305 2699 1398 licet,

754 1428 984 1505 quam
1020 1409 1300 1477 miracu
1417 1402 1542 1478 hic
1580 1405 1732 1478 illic
1773 1406 2241 1506 dispareant,-
2319 1422 2709 1509 quamque

750 1522 1020 1605 parum
1045 1502 1260 1603 saepe
1291 1520 1404 1577 req
1445 1509 1522 1577 in
1571 1504 1638 1578 se
1665 1506 1973 1596 insoliti,
2053 1530 2221 1599 aut,
2295 1508 2507 1609 quod
2538 1506 2702 1583 lon»-

747 1611 912 1705 gius
938 1630 981 1677 a
1009 1622 1314 1677 naturae
1340 1602 1625 1703 legibus
1651 1606 2058 1697 recederet,
2102 1607 2447 1697 habeant,
2500 1622 2701 1710 quae

748 1716 1007 1795 antea,
1087 1710 1186 1777 ita
1214 1711 1576 1803 cogitatae
1601 1761 1620 1797 ,
1706 1726 1784 1781 vt
1813 1714 1935 1782 eds
1978 1714 2335 1782 narrantis
2366 1713 2471 1781 im
2531 1720 2697 1787 etue

744 1826 822 1881 et
848 1804 1270 1904 phantafiae
1295 1806 1585 1880 luxuria
1626 1809 2299 1908 repraesentauernt
2321 1858 2343 1901 ,
2420 1736 2697 1911 plenae

737 1906 1112 1997 miraculi,
1197 1905 1470 2007 plenae
1497 1914 1823 2009 portenti
1854 1911 2323 2003 viderentur,
2399 1911 2694 1987 necess'e

738 2026 916 2082 erata
1077 2012 1258 2117 Quo
1287 2008 1660 2109 pertinent
1702 2008 1975 2085 insoliti
2012 2011 2320 2109 imbreo,
2398 2016 2477 2086 'vt
2506 2012 2691 2115 lapi·-

737 2110 919 2184 dum
974 2128 1048 2185 et
1091 2110 1454 2211 sanguinis
1476 2166 1495 2200 ,
1563 2109 1810 2185 stellae
1873 2115 2179 2201 crinitae
2205 2168 2224 2203 ,
2295 2119 2687 2206 exercitus,-
2798 2168 2805 2175 -

733 2211 1006 2313 gladii,
1112 2226 1189 2285 et
1243 2210 1386 2285 alia
1437 2234 1816 2287 armorum
1867 2212 2343 2315 telorumque¹
2384 2238 2687 2315 genera,

733 2336 966 2387 naues
1013 2317 1094 2386 iri
1133 2312 1457 2387 nubibus
1501 2313 1725 2404 visae3
1827 2314 2267 2414 sanguineus
2313 2313 2689 2415 lignorum

731 2414 986 2495 sudor3
1052 2412 1154 2487 sol
1187 2413 1626 2506 subductus„
1673 2422 1749 2489 e't
1783 2424 1913 2489 aer
1943 2414 2405 2506 obscuratum
2484 2436 2687 2521 quae

728 2522 1000 2603 omnia,
1043 2540 1278 2615 quum
1303 2540 1462 2589 non
1493 2512 1642 2588 fine
1665 2516 1912 2618 aliqua
1940 2512 2499 2593 vehementiore
2520 2522 2682 2593 ani-‘-

725 2616 830 2691 mi
865 2622 1378 2691 commotione
1426 2638 1517 2691 ac
1569 2616 2133 2717 perturbatione
2180 2640 2474 2693 narrata
2519 2617 2677 2712 sint,

725 2717 1200 2817 grandiorem
1251 2715 1462 2789 illum
1518 2732 1591 2789 e't
1658 2716 2283 2792 miraculofiorem
2338 2719 2679 2797 habitum

720 2832 1124 2893 traxerunt·
1265 2816 1384 2891 Est
1415 2818 1742 2919 denique
1769 2820 1991 2891 etiarn
2016 2828 2249 2918 genus
2281 2821 2675 2897 miraculo—

717 2944 888 2992 rum
915 2974 934 3008 ,
991 2924 1068 2990 in
1097 2944 1253 3019 quo
1282 2967 1302 3008 ,
1370 2915 1520 2991 siue
1555 2918 1800 2993 causas
1839 2925 2229 3020 exquirere
2254 2919 2540 2995 studeas
2572 2922 2671 2997 sa·-

715 3024 810 3094 tis
839 3020 1148 3093 idoneas
1178 3074 1197 3107 ,
1291 3016 1439 3091 siue
1477 3025 1583 3093 rei
1615 3025 1699 3092 iis
1744 3018 2056 3094 effectae
2082 3023 2672 3120 magnitudinem

714 3125 1132 3195 accuratius
1159 3120 1559 3219 expendas,
1599 3119 1780 3193 nihil
1805 3121 2031 3221 plane
2058 3126 2418 3213 inueniaS,
2455 3126 2669 3225 quod

715 3241 920 3295 extra
959 3242 1269 3294 naturae
1310 3221 1650 3297 ordinem
1689 3224 2089 3313 acciderit,
2143 3223 2260 3298 vel
2286 3278 2305 3315 ,
2355 3245 2435 3298 vt
2475 3232 2669 3301 acci·-

712 3326 960 3412 deret,
1043 3322 1202 3396 fieri
1235 3328 1584 3421 potuerit.
1727 3326 1945 3419 Quae
1972 3321 2197 3397 ficubi
2230 3332 2331 3399 ita
2362 3324 2506 3400 effe
2539 3327 2665 3401 de·-

707 3421 1276 3526 prehendimun,
1342 3424 1507 3496 iure
1531 3428 1953 3524 meritoque
1985 3422 2356 3499 statuimus
2380 3481 2399 3518 ,
2475 3428 2663 3503 nihil

701 3526 934 3627 plane
983 3543 1186 3599 extra
1232 3528 1618 3623 cogitantis
1651 3531 1982 3597 animum
2024 3526 2404 3618 accidiss'e,
2506 3528 2657 3622 sed,

704 3626 918 3727 quod
945 3624 1108 3701 infit
1137 3631 1211 3700 in
1244 3650 1322 3696 re
1359 3650 1648 3697 nouum
1683 3645 1911 3727 atque
1935 3628 2452 3703 miraculosum
2476 3683 2496 3717 ,
2576 3630 2661 3705 id

699 3726 819 3799 vel
855 3726 1183 3801 sensuum
1233 3724 1572 3798 fallaciae
1622 3746 1697 3800 et
1737 3725 2115 3817 ludibriis,-
2196 3728 2315 3802 vel
2348 3728 2658 3830 phanta-

697 3826 842 3901 fiae
871 3822 1588 3923 machinationibus,
1657 3826 1778 3901 vel
1819 3834 2037 3903 certis
2068 3829 2505 3905 morborum
2531 3858 2660 3931 ge..

694 3928 997 4002 neribus
1054 3928 1331 4002 deberi.
1438 3932 1548 4000 Ex
1601 3928 1752 4002 hoc
1799 3954 2077 4029 genere
2134 3930 2295 4003 sunt
2340 3929 2653 4011 vitione,

690 4050 1112 4103 nocturnae
1153 4050 1381 4130 atque
1424 4030 1774 4117 diurnae,
1874 4028 2329 4129 specttorum
2358 4042 2653 4135 appari·

688 4138 972 4218 tiones,
1041 4154 1264 4205 voces
1303 4132 1639 4219 auditae,
1705 4148 2243 4231 campanorum
2276 4130 2496 4209 sonus
2522 4158 2649 4210 au·

685 4231 888 4303 ribus
921 4230 1250 4331 illapsus,
1331 4250 1406 4302 et
1433 4228 1717 4317 fiinilia3
1799 4256 2034 4332 quae,
2092 4253 2379 4317 celtum
2406 4238 2544 4327 est,
2600 4263 2646 4310 a

683 4331 888 4404 nulla
919 4331 1130 4404 causa
1167 4350 1468 4405 externa
1503 4331 1864 4429 proficisci
1885 4388 1902 4421 ,
1976 4331 2099 4405 sed
2129 4358 2373 4410 meros
2408 4337 2648 4439 phan-

680 4432 899 4506 taliae
930 4430 1121 4505 lusus
1150 4430 1292 4505 effe
1326 4452 1554 4528 atque
1579 4434 1948 4531 figmenta.
2055 4436 2335 4509 verum
2361 4458 2635 4529 tamen,

680 4532 804 4607 etii
844 4531 1026 4605 nihil
1058 4543 1260 4607 extra
1295 4530 1766 4606 hominemin
1808 4534 1965 4607 aliis
1989 4533 2212 4607 rebus
2244 4535 2370 4624 fit,
2425 4537 2638 4636 quod

673 4654 830 4709 tam
859 4637 1089 4708 mirae
1119 4630 1535 4709 affectionis
1587 4634 1802 4708 causa
1845 4632 2097 4710 exirm
2136 4633 2299 4711 tatto
2330 4638 2631 4727 idonea,

2282 4790 2303 4813 .
2376 4752 2629 4809 umen
