3909 5792
482 576 532 656 58
875 590 1072 636 m

483 779 552 871 est;
566 779 935 884 'ficutepisodionrm
948 789 1158 862 recitationi
1169 786 1259 861 tibia
1272 784 1460 883 succinuit,

482 905 523 959 vt
537 884 632 959 baec
644 886 778 959 eadem
794 885 874 960 fere
888 886 996 979 effer,
1037 895 1190 991 quaein
1207 890 1335 964 nostris
1351 911 1463 963 certa·

480 985 645 1060 minibus
664 984 809 1063 muficis
826 990 974 1079 auditur
991 992 1252 1081 (Recitativ),
1282 995 1375 1063 etin
1388 1016 1463 1065 me·

480 1087 557 1163 lico
576 1087 755 1162 Italorum
770 1090 936 1163 dramate
951 1090 1079 1165 locum
1097 1088 1211 1164 habet
1230 1097 1291 1189 q).
1349 1092 1463 1165 Saita-

480 1195 548 1277 tio,
569 1215 666 1291 quae
681 1195 850 1265 comitari
864 1190 1003 1264 solebat
1019 1190 1221 1265 chororum
1240 1214 1461 1284 concentus,

480 1291 745 1390 distinguenda
758 1292 821 1363 illa
837 1289 918 1364 esta
934 1295 1090 1365 mimicis
1103 1290 1162 1364 vel
1172 1297 1463 1388 pantomimicis,

479 1417 580 1495 quae
601 1392 661 1466 vel
677 1392 844 1465 nondum
861 1389 1040 1469 inchoato
1060 1392 1226 1463 dramate
1244 1389 1396 1464 veliam
1418 1394 1461 1467 fi·
1518 1384 1521 1401 ¹

478 1500 561 1569 nito
578 1492 876 1579 instituebantur,
903 1494 1000 1561 inter
1016 1509 1120 1563 actus
1137 1517 1350 1591 nunquom3
1378 1492 1461 1567 sunt

400 1676 402 1681 ,
479 1602 591 1681 etiam
611 1594 751 1664 serioris
767 1588 962 1662 intheatro
983 1594 1158 1687 originis,
1210 1611 1249 1663 vt
1266 1612 1459 1666 recte-mo-

477 1715 546 1771 net
577 1688 790 1763 nouissimus
819 1687 903 1760 libri
929 1693 1145 1763 Brumoiani
1175 1691 1298 1764 editor
1328 1698 1374 1783 r).
1424 1697 1457 1767 A

476 1792 655 1899 personis,
667 1794 732 1889 qui
745 1788 902 1862 chorum
917 1789 1200 1881 constituebant,
1224 1792 1323 1866 hanc
1337 1794 1457 1866 chori-

476 1922 560 1973 cam
576 1890 803 1964 saltationem
814 1911 1005 1990 peractam
1023 1890 1116 1983 effe,
1137 1918 1229 1977 ,non
1243 1913 1357 1992 puto;
1394 1894 1456 1967 sed

475 1999 602 2100 potius
630 1992 677 2065 ab
706 1991 782 2064 aliis
806 1991 854 2063 ad
877 1990 971 2065 iflud
992 1998 1186 2092 negotium
1207 1997 1248 2065 in
1270 1994 1455 2071 orchestra

351 2132 353 2137 ·
476 2095 681 2171 collocatis.
741 2096 907 2165 Primnrn
933 2100 1034 2168 enim
1055 2091 1190 2190 θυμέλη
1216 2095 1334 2170 choro
1366 2122 1455 2170 eon·

475 2193 572 2273 eeffa
585 2222 663 2279 non
682 2212 784 2267 tanta
798 2216 875 2266 erat
892 2193 1110 2287 latitudine,
1131 2215 1170 2270 vt
1184 2202 1453 2299 quinquaginta

474 2296 648 2373 homines
670 2321 739 2395 per
769 2295 935 2396 strophas
963 2317 1001 2369 et
1025 2298 1268 2397 antistrophas
1292 2299 1328 2371 se
1353 2324 1454 2373 com-
1556 2334 1559 2345 ·

472 2398 590 2473 mode
616 2394 815 2496 potuissent
846 2417 1080 2471 conuertere.
1140 2400 1295 2473 Deinde
1327 2396 1353 2470 fi
1387 2398 1452 2491 illi,

466 2506 541 2602 ¹qui
555 2499 758 2589 canebant,
784 2494 889 2570 simul
903 2503 1015 2571 etiam
1033 2498 1230 2590 saltassent,
1266 2505 1306 2572 in
1321 2507 1454 2575 motio·

472 2624 525 2677 ne
549 2605 717 2701 corporis
743 2620 857 2697 atque
880 2600 1135 2675 membrorum
1152 2627 1233 2673 non
1254 2600 1453 2701 potuissent

429 2792 431 2796 Ι
471 2702 669 2802 respirare3
689 2697 1452 2800 praesertimfilongioreasuissent'cantio-

471 2830 567 2894 nes,
624 2821 825 2901 motusque
867 2798 1164 2876 vehementiores
1202 2801 1449 2901 postulassent.

470 2905 648 2995 Accedit,
684 2902 789 3002 quod
807 2900 1012 2995 orchestra,
1047 2930 1132 3003 pars
1151 2903 1450 3003 dreatriaprima

469 3006 686 3106 tragoediae
700 3001 965 3084 ¹constitutione
996 3004 1221 3085 saltatoribus
1248 3004 1447 3097 vindicata,

468 3098 550 3182 non
567 3107 648 3181 solis
666 3108 960 3207 pantomimicis,
995 3111 1078 3207 qui,
1111 3126 1150 3181 vt
1161 3099 1235 3179 ium
1251 3112 1448 3197 monitum,

467 3208 665 3285 serioribus
694 3203 924 3303 temporibus
958 3211 997 3277 in
1021 3206 1167 3281 theatro
1192 3214 1335 3307 recepti
1356 3207 1446 3299 sunt,

468 3310 606 3385 cedere
650 3310 765 3395 otuit,
804 3330 878 3379 nec
890 3303 937 3375 ab
952 3307 1088 3381 horum
1102 3308 1292 3382 saltatione
1304 3335 1446 3399 nomen

349 3399 354 3410 ¹
465 3413 596 3519 accep'
628 3435 670 3489 et
698 3411 837 3485 etenim
851 3426 943 3482 tunc
959 3407 1068 3490 locus
1085 3406 1446 3585 mantiqmffinbblfa·

456 3548 462 3555 .
1410 3537 1445 3583 a,

506 3802 545 3897 q)
561 3824 592 3869 v.
602 3794 798 3879 polluant.
810 3830 881 3895 ¹⁰¹7·
901 3806 1021 3875 Seneo.
1030 3808 1130 3901 Epist.
1139 3810 1315 3879 LXXXIV.
1330 3810 1439 3877 Hurd.

494 3899 504 3927 ¹
548 3886 592 3955 ad
609 3890 729 3957 Horat.
746 3888 843 3959 Poet.
866 3899 940 3979 2¹²5·
961 3895 1087 3964 Harles.
1103 3900 1146 3965 ad
1159 3895 1324 3965 Aristotel.
1341 3896 1438 3962 Poet.

546 3998 576 4043 c.
593 3974 648 4042 VI.
666 4000 698 4063 p.
714 3984 767 4062 44.
802 3980 924 4045 Cooko
949 3983 1097 4071 Grundsi
1115 3986 1176 4051 der
1191 3986 1341 4049 dramat.
1359 3984 1440 4047 Kri-

545 4064 604 4217 edilt.
621 4085 693 4217 ff·
708 4068 739 4133 3.
760 4079 794 4128 et
813 4068 844 4135 5.
875 4065 996 4134 Forkel
1010 4074 1220 4161 allgemeine
1235 4066 1439 4159 Gesabichte

577 4174 612 4217 er
665 4174 688 4215 u

680 4148 749 4235 fik,
762 4152 804 4218 T·
820 4154 845 4221 1·
863 4177 896 4242 r·
912 4160 987 4242 409·
998 4152 1090 4249 sear·

501 4338 534 4427 r)
562 4340 710 4411 strauere
725 4339 785 4411 des
799 4342 914 4411 Graes.
925 4364 959 4434 p.
972 4366 1044 4417 ror.
