3909 5792
396 1690 408 1725 i

484 694 552 767 rob
871 702 1061 720 ““““““““

868 731 884 741 α
898 731 1061 743 -m-

478 920 601 973 tamen
621 897 843 993 experientia
861 892 973 967 docet
988 947 997 982 ,
1037 897 1117 963 n'on
1132 895 1314 969 minorem
1329 921 1373 969 ea
1385 898 1448 971 ha·

478 1001 568 1073 bera
581 996 628 1069 ad
646 996 941 1069 commonendos
955 997 1100 1066 animos
1115 1000 1200 1084 vim,
1227 1022 1339 1096 qnam
1354 1026 1450 1099 quae

480 1098 626 1177 causam
650 1096 835 1197 aliquam,
880 1093 954 1168 stne
970 1100 1198 1193 grauiorem,
1240 1096 1318 1170 siue
1334 1100 1450 1173 leuio-

480 1226 571 1289 rem,
592 1218 694 1269 extra
708 1200 948 1295 cogitantium
961 1200 1104 1269 animos
1120 1194 1335 1293 agnoscant.
1378 1202 1449 1289 Sic,

482 1306 549 1405 qui
571 1303 679 1371 miras
709 1318 747 1371 et
763 1297 958 1371 horribiles
982 1296 1208 1397 specttorum
1228 1294 1366 1396 species
1388 1298 1453 1373 fibi

481 1396 988 1487 videbanturoculisvidille,
1039 1423 1123 1487 eos,
1175 1396 1330 1489 scimus,
1379 1404 1453 1474 tale

483 1502 576 1605 quid
592 1498 781 1602 perpessos
794 1499 902 1599 saepe
916 1496 1006 1587 esse,
1042 1518 1100 1588 rt,
1131 1494 1260 1572 srvere
1272 1500 1452 1591 vidissent,

482 1630 562 1678 non
579 1598 779 1705 potuissent
797 1602 962 1698 grauius3
989 1598 1106 1699 quid?
1143 1599 1249 1699 quod
1268 1600 1359 1676 tales
1376 1602 1453 1701 spe

483 1725 646 1781 ettortun
666 1699 841 1789 visiones,
878 1704 966 1799 quia
988 1704 1102 1771 animi
1126 1698 1321 1773 hominum
1343 1704 1453 1777 vehe-

476 1801 698 1883 mentiffime
711 1798 1031 1901 erantperturbati
1048 1800 1345 1902 atqueconeuffi,
1372 1830 1453 1875 non

482 1930 566 1981 raro
583 1922 647 1976 aut
658 1926 759 1975 mors
779 1899 901 1975 secuta
915 1898 982 1989 est,
1032 1920 1098 1975 aut
1115 1900 1238 1975 morbi
1258 1902 1449 2003 desperati.

384 2050 390 2069 κ
481 2006 615 2091 Talem
629 2008 740 2103 igitur
752 2000 1006 2095 tyrannidem,
1041 2028 1174 2121 'quum
1189 2000 1370 2077 fateamur
1388 2032 1453 2079 ne

482 2104 578 2183 cesse
594 2102 656 2195 stt,
696 2099 925 2204 phantasiam
937 2104 978 2175 in
990 2128 1134 2175 ammos
1145 2102 1338 2178 hominum
1352 2130 1464 2179 exer-1

392 2280 396 2301 ,
484 2218 592 2296 aare,
635 2230 716 2278 non
730 2222 847 2304 puto,
898 2224 960 2277 me
982 2202 1307 2305 reprehensionem
1322 2204 1453 2299 subire,

484 2308 592 2413 quod
617 2304 813 2396 miracula,
845 2328 944 2406 quae
968 2329 1065 2404 opus
1087 2310 1171 2402 ¹eius
1196 2305 1299 2397 sunt,
1333 2312 1374 2380 in
1390 2334 1455 2409 pe

485 2410 664 2489 culiarem
688 2404 833 2487 cinisem
864 2402 1124 2507 adscripserim.
1176 2410 1353 2483 Ceterum
1379 2408 1457 2487 hoc
1539 2478 1560 2503 „

484 2513 577 2587 mihi
592 2500 794 2582 obseruasse
811 2504 967 2598 videor,
1012 2512 1156 2599 omnia,
1199 2534 1298 2609 quae
1312 2528 1456 2585 veteres

486 2612 645 2689 inlibris
665 2608 734 2682 suia
754 2626 951 2698 notarunt,
976 2608 1176 2699 miracula,
1203 2614 1244 2681 in
1261 2636 1373 2682 vnam
1392 2634 1458 2685 aut

485 2714 638 2789 alteram
650 2709 781 2783 harum
795 2706 955 2784 claffium
968 2735 992 2783 a
1006 2734 1068 2783 me
1079 2706 1341 2811 descriptarum
1354 2711 1458 2811 polle

486 2816 623 2913 recipi;
649 2836 721 2885 nec
733 2809 842 2885 facile
856 2814 1053 2885 inuentum
1071 2815 1116 2883 iri
1129 2812 1219 2913 quid
1249 2838 1335 2887 uam
1351 2820 1459 2886 nrira·

486 2916 562 2993 culi
579 2916 732 2987 nomine
749 2913 912 3013 dignum,
940 2912 1047 3014 quod
1057 2938 1231 2989 nouamc
1295 2938 1457 2992 emean-

485 3018 580 3095 stitui
600 3013 737 3087 iubeat.
1287 3088 1302 3123 a

581 3214 702 3295 Restat
716 3233 772 3307 vt,
816 3240 915 3319 quae
927 3212 1126 3323 hucusque
1146 3222 1314 3297 uniuersa
1332 3178 1457 3324 dispu-

486 3344 561 3398 tata
578 3322 677 3409 sunt,
699 3323 877 3421 quoniam
890 3319 1006 3421 paulo
1024 3342 1111 3395 ante
1121 3328 1269 3416 monui,
1295 3330 1337 3399 in
1349 3324 1458 3400 sacris

483 3424 586 3499 libris
601 3448 723 3523 aeque
741 3419 971 3495 obseruanda
987 3418 1079 3512 elle,
1100 3442 1214 3524 atque
1228 3429 1267 3499 in
1279 3425 1457 3525 profanis,

487 3524 660 3624 exemplo
685 3523 812 3623 aliquo
829 3522 954 3595 illustri
985 3549 1033 3597 ex
1052 3522 1310 3599 Hebraeorum
1325 3554 1456 3599 monn-

416 3714 424 3731 ·
484 3632 641 3714 mentis,
692 3626 887 3725 quomodo
915 3629 956 3696 itt
977 3623 1079 3697 vsum
1105 3624 1293 3699 transferri
1311 3626 1455 3727 pollini,

486 3727 692 3799 ostendam.
754 3721 881 3821 Quum
902 3730 1001 3799 enim
1014 3730 1054 3797 in
1074 3724 1179 3799 sacris
1199 3728 1457 3801 Hebraeorum

484 3826 587 3901 libris
601 3827 785 3900 miraculis
799 3826 890 3898 nibil
907 3824 948 3898 stt
959 3824 1210 3927 frequentina,
1237 3834 1324 3928 quia
1339 3851 1375 3901 et
1392 3858 1458 3929 po·

485 3927 617 4029 pulus,
638 3933 741 4001 cuius
760 3926 855 4001 facta
872 3927 1045 4003 illustrata
1060 3934 1264 4025 continent,
1289 3950 1327 4003 et
1344 3933 1461 4005 medi-

485 4054 615 4103 ocrent
637 4030 841 4101 admodum
866 4030 1033 4104 culturae
1055 4033 1194 4127 ingenii
1215 4030 1370 4127 gradum
1396 4032 1460 4105 ad-

486 4128 696 4216 scenderat,
722 4149 845 4226 atque,
874 4129 962 4204 licut
975 4130 1069 4203 aliae
1081 4152 1209 4228 gentes
1227 4132 1337 4203 rudes
1351 4153 1389 4204 et
1406 4139 1460 4203 in·

486 4229 631 4318 cultae,
676 4229 724 4299 ad
753 4254 876 4301 rerum
910 4230 1208 4304 miraculolorum
1237 4233 1351 4304 sidem
1381 4255 1460 4307 erat

484 4326 727 4437 propensior,
774 4332 951 4431 et'ieligio
968 4336 1069 4421 eius,
1120 4332 1183 4404 e'tli
1202 4330 1252 4405 ob
1273 4338 1378 4406 vnius
1397 4334 1461 4407 dei

1319 4434 1461 4509 cultum
