3909 5792
580 1017 653 1087 «ηδ
990 1020 1186 1069 -ffl-ae

601 1210 757 1289 affectus
775 1213 1044 1313 exprimerent,
1072 1232 1126 1306 et,
1151 1234 1330 1317 tanquam
1345 1240 1429 1315 pars
1443 1212 1580 1315 specta·

566 1310 571 1327 '
600 1336 726 1390 torum
739 1314 932 1415 ,reliquos
952 1310 1051 1397 adse
1072 1317 1193 1389 redire
1206 1336 1244 1389 et
1255 1316 1376 1388 aliena
1397 1342 1419 1387 a
1438 1322 1578 1415 tragico

601 1412 813 1517 spectaculo
835 1432 960 1487 mente
975 1413 1131 1491 voluere
1146 1444 1227 1491 non
1239 1413 1419 1507 furerent,
1453 1416 1517 1491 sed
1535 1444 1580 1491 ea

601 1520 742 1591 exitum
758 1512 1011 1615 cognoscendi
1023 1519 1228 1617 cupiditate
1245 1516 1514 1608 incenderent,
1539 1538 1581 1593 vt

600 1636 766 1703 actores,
820 1640 983 1716 quorum
996 1614 1095 1691 dicta
1113 1639 1151 1693 et
1170 1620 1296 1693 sactai
1323 1613 1366 1689 fis
1382 1637 1458 1691 tam
1477 1644 1579 1717 egre·

598 1724 659 1819 gie
675 1721 900 1815 praeparatis
917 1742 1040 1791 nouos
1057 1715 1175 1793 sensus
1195 1717 1258 1790 ins
1266 1723 1273 1735 '
1304 1737 1420 1805 arent,
1464 1726 1577 1793 anxie

518 1872 520 1879 -
600 1838 640 1893 et
655 1821 891 1916 impatienter
906 1836 1156 1917 expectarent.
1206 1822 1310 1893 Sicut
1324 1822 1364 1888 in
1378 1817 1503 1890 tabula
1521 1826 1577 1918 pi·
1623 1856 1626 1865 ·

600 1940 683 1993 ctor
695 1940 774 1989 non
793 1915 935 2017 semper
953 1922 1124 2021 principe
1140 1918 1298 2019 persona
1313 1916 1430 1990 sensus
1448 1943 1512 1990 eos
1535 1925 1575 1990 in

597 2021 795 2123 spectantis
816 2022 943 2097 animo
959 2040 1101 2111 mouet,
1115 2044 1223 2121 quos
1236 2038 1361 2092 motos
1375 2023 1489 2117 cupit,
1512 2016 1573 2091 sed

598 2145 731 2197 eorum
751 2116 855 2190 vultu
878 2136 915 2191 et
932 2116 1070 2217 gestu,
1100 2123 1166 2221 qui
1186 2118 1288 2193 illam
1313 2123 1495 2194 cinxeriut
1508 2125 1571 2218 p);

597 2228 651 2297 ita
670 2225 710 2293 in
732 2216 921 2307 dramate,
973 2222 1079 2319 quod
1094 2225 1240 2321 pictura
1256 2225 1342 2294 viua
1360 2239 1396 2293 et
1411 2218 1571 2319 loquens

527 2366 529 2371 ·
595 2341 700 2397 recte
716 2314 823 2418 pollit
835 2316 1036 2418 appellari,
1062 2320 1203 2396 sactum
1222 2322 1324 2422 apud
1340 2322 1505 2395 Graecos
1522 2326 1572 2393 vi-

596 2424 729 2511 detur,
755 2438 794 2492 vt
807 2418 913 2493 chori
927 2419 1050 2513 vultu,
1076 2422 1286 2497 saltatorum
1299 2421 1417 2522 gestu,
1441 2440 1477 2493 et
1492 2420 1573 2493 har-

595 2528 732 2601 moniis
746 2517 969 2596 mulleorum
985 2518 1117 2596 fortius
1134 2542 1374 2622 tangerentur
1395 2521 1573 2623 spec-tato·

594 2652 681 2699 rum
701 2625 833 2711 animi,
868 2646 981 2721 quam
1004 2622 1232 2699 scenicarum
1253 2622 1493 2725 personarum
1513 2622 1573 2697 vel

594 2724 765 2801 sannone
776 2721 837 2794 vel
852 2726 1012 2796 actione.
1064 2728 1256 2823 Quantam
1270 2745 1464 2825 praeterea
1478 2724 1573 2799 haec

594 2831 723 2900 omnia
741 2827 816 2895 vim
835 2828 873 2893 in
895 2848 1019 2898 mores
1039 2825 1255 2914 habuerint,
1304 2829 1387 2927 quis
1406 2851 1484 2898 non
1498 2824 1574 2897 len-

595 2932 640 3001 tit
653 2928 720 3028 (ῥ’.)
759 2926 887 3020 Quare
900 2950 980 2998 uon
994 2926 1184 3027 putandus
1198 2925 1249 3002 est
1261 2931 1434 3000 iniuriam
1449 2925 1574 3001 facere

1429 3027 1573 3101 nostrae

633 3313 676 3395 p)
697 3296 807 3363 Garve
828 3296 958 3385 Einige
976 3294 1161 3362 Attanae.
1183 3319 1217 3385 p.
1239 3298 1313 3381 364.
1363 3296 1435 3362 Mic
1457 3294 1571 3360 nieles

676 3386 813 3449 ko'nrteu
834 3388 891 3446 wir
915 3384 1020 3471 bqffer
1029 3384 1317 3471 sympatleisireu,
1355 3384 1408 3445 alr
1425 3388 1487 3446 mit
1509 3383 1571 3446 der·

681 3471 886 3570 «sympathia
897 3466 1031 3555 selbst3
1054 3472 1153 3533 steine
1169 3469 1418 3555 Leideascltaft
1487 3487 1570 3533 anat

670 3558 753 3636 stoli
778 3557 922 3620 leicltter
934 3556 1036 3646 sort,
1082 3558 1135 3620 als
1156 3556 1214 3619 die
1229 3578 1313 3619 mart
1325 3493 1568 3640 seltssldurclz

678 3645 912 3730 Micclreilung
935 3644 1135 3707 helommen
1156 3643 1232 3708 liat.
1264 3640 1309 3707 cf.
1335 3639 1438 3709 eund.
1452 3641 1474 3708 l.
1489 3664 1518 3707 c.
1534 3665 1567 3730 p.

679 3732 755 3796 318.

632 3886 671 3973 q)
693 3884 748 3948 De
764 3885 795 3946 vi
822 3881 962 3971 poeseos
984 3904 1015 3948 v.
1035 3880 1184 3948 Vollium
1200 3866 1242 3947 d'e
1256 3899 1449 3972 poematum
1467 3893 1567 3944 cantu

681 3986 714 4033 et
727 3968 850 4033 viribus
865 3970 1022 4057 rlrytlrrni.
1065 3970 1162 4033 Eckii
1177 3968 1250 4034 diss.
1269 3970 1314 4034 de
1331 3978 1363 4036 vi
1402 3970 1569 4055 odeosr'rt

677 4079 795 4120 mores.
821 4058 873 4119 De
888 4055 1024 4121 musices
1040 4055 1094 4121 vl'u
1109 4060 1176 4144 agit
1189 3995 1567 4127 A1·istotel.solit.vlll,

676 4181 709 4245 7.
734 4159 788 4224 vbi
804 4161 970 4246 promittit
985 4156 1016 4220 se
1031 4157 1195 4245 copiosus
1212 4157 1253 4223 de
1266 4142 1436 4249 ausosque
1452 4160 1488 4221 in
1500 4156 1568 4219 Po-

677 4249 762 4311 etica
777 4261 946 4325 acturum;
982 4244 1036 4307 sed
1053 4245 1133 4308 haec
1146 4244 1318 4332 deperdita
1332 4242 1417 4309 suut.
1448 4244 1565 4308 Choro

676 4328 892 4399 commendat
907 4330 1079 4416 Stagirites
1093 4352 1203 4393 mores
1220 4345 1253 4393 et
1267 4328 1389 4393 modos
1403 4344 1477 4394 tran
1503 4326 1567 4393 uil-

671 4414 726 4485 los
740 4433 774 4481 et
788 4413 925 4489 flebiles,
940 4412 1107 4478 Problem.
1132 4416 1315 4483 sectxlx.
1325 4418 1477 4503 inprimis
1527 4435 1566 4476 o·

673 4508 778 4573 ¹ticam
799 4500 1010 4565 harmoniam
1034 4500 1076 4563 aa
1097 4524 1208 4566 mores
1228 4501 1433 4569 instillandos
1453 4516 1565 4601 aptam

674 4592 739 4658 elle
758 4587 900 4667 iudicat,
921 4584 1021 4651 Polit.
1046 4584 1066 4650 l.
1089 4609 1117 4651 c.
1142 4586 1182 4651 cs.
1198 4589 1346 4653 Batteux.
1365 4592 1408 4652 ad
1428 4584 1563 4652 Arrllot.

670 4678 769 4745 Poet.
793 4698 827 4767 p·
853 4676 927 4743 231.
953 4671 1090 4759 copiose
1117 4672 1184 4739 hoc
1197 4690 1430 4766 argumentum
1444 4685 1569 4815 tracta-p

1485 4778 1551 4821 run
