3909 5792
1325 1016 1473 1087 260
2105 1008 2489 1077 ’ξ’-’ἑ

1337 1210 1578 1282 hantis
1617 1221 1774 1277 erat
1809 1206 1904 1293 (v.
1951 1201 2190 1289 Heyn.
2232 1196 2327 1269 ad
2368 1188 2726 1293 Apollod.
2770 1216 2845 1293 p.
2883 1188 3058 1269 360.
3091 1194 3301 1297 l'eq.),

1341 1313 1578 1383 factus
1651 1302 2191 1393 est'Eurytion,
2264 1296 2459 1369 filius
2514 1298 2846 1385 Actoris,
2926 1302 3054 1397 qui
3104 1296 3303 1371 filius

1345 1439 1406 1485 e:
1427 1431 1502 1481 at
1551 1404 2078 1499 Myrmidonis,
2127 1396 2484 1485 'I'hess'ali;
2570 1420 2663 1469 ex
2702 1394 2853 1468 hoc
2890 1402 3309 1493 Eurytione

1339 1496 1579 1585 factus
1619 1508 1979 1597 Eurytion
2016 1498 2390 1573 bubulcus
2432 1499 2798 1591 Geryonis
2845 1499 2941 1572 ab
2972 1498 3309 1575 Hercule

1307 1606 1664 1693 ‚occisus;
1747 1622 1822 1676 et
1886 1602 2011 1673 hic
2070 1600 2163 1672 ab
2216 1598 2542 1673 Hercule
2600 1598 2884 1673 occisus
2940 1604 3311 1695 Eurytion

1349 1706 1696 1787 confusus
1725 1702 1837 1777 est
1873 1706 2049 1775 cum
2095 1706 2503 1793 Eury-tione
2548 1702 2927 1773 Centauro
2979 1702 3073 1774 ab
3116 1706 3309 1775 Her-

1347 1812 1518 1889 cule
1554 1806 1850 1906 fugato,
1903 1807 2037 1902 qui
2084 1801 2154 1877 se
2198 1800 2541 1873 Pholoen
2590 1822 2976 1899 receperat
3029 1800 3306 1903 (Apol-

1347 1912 1501 1987 lod.
1543 1913 1654 1998 11,
1697 1908 1778 1993 5,
1827 1914 1896 1988 4.
1933 1930 2011 2003 Ρ.
2064 1908 2288 1993 121.);
2340 1901 2465 1977 hic
2504 1900 2597 1973 ab
2640 1901 2967 1977 Hercule
3002 1903 3307 2001 fugatus

1349 2036 1426 2087 et
1477 2007 1759 2085 occisus
1815 2008 2175 2097 Eurytion
2240 2002 2520 2075 coaluit
2572 2028 2747 2077 cum
2792 2028 2926 2089 eo,
2982 2010 3111 2104 qui
3160 2006 3307 2075 Pe·

1349 2118 1588 2187 rithoo
1623 2104 1952 2207 sponsam
1988 2105 2368 2205 eripiebat,
2410 2124 2487 2177 et
2510 2102 2635 2178 hic
2668 2130 2841 2179 cum
2866 2108 3301 2197 Eury-tione,

1345 2214 1639 2289 Actoris
1671 2206 1870 2294 filio,
1919 2204 2473 2293 Mnefimachen
2516 2204 2879 2293 ducente,
2930 2210 3309 2281 Dexame-

1351 2319 1428 2388 ni
1475 2309 1735 2383 filiam:
1787 2308 1989 2379 vnde
2030 2310 2515 2401 Eurytionem
2571 2306 2931 2382 habemus
2982 2310 3309 2381 Centau-

1351 2440 1514 2489 rum
1537 2466 1555 2501 ,
1601 2414 2073 2498 Dexamene,
2108 2434 2152 2481 a
2188 2432 2341 2509 quo
2379 2406 2691 2507 hospitio
2736 2428 3093 2510 exceptus
3122 2427 3307 2499 erat,

1355 2516 1582 2589 filiam
1631 2512 2109 2611 eripientem,
2196 2529 2271 2581 et
2326 2507 2420 2580 ab
2482 2507 2847 2603 Hercule,
2924 2508 3123 2611 peste
3180 2508 3317 2585 illa

1359 2620 1944 2699 Centaurorum,
2018 2634 2247 2711 quem
2296 2614 2375 2681 in
2424 2610 2777 2683 auxilium
2822 2614 3313 2686 Dexamenus

1356 2734 1694 2803 vocarat,
1747 2716 2249 2785 interemtum.
2352 2715 2497 2805 Hic
2529 2716 2891 2807 Eurytion
2926 2738 3315 2813 argumen-

1359 2839 1520 2894 tum
1571 2816 1852 2913 elegiae
1883 2812 2494 2888 Hermefianactis
2554 2812 2813 2905 fuerit,
2867 2812 3154 2890 necess'e
3186 2814 3311 2891 est.

1358 2921 1714 3016 Denique
1767 2913 2608 3015 l'cripfit‘Henuelianax
2652 2914 2995 3012 Perfica.
3054 2916 3313 2991 Schol-

1362 3018 1759 3095 Nicandri':
1815 3012 2037 3119 τούτῳ
2090 3010 2164 3092 δὲ
2218 3010 2318 3091 τοὶ
2368 3012 2665 3122 Περσικοὶ
2714 3021 3147 3123 Ὑέγςσιπτοω.
3200 3022 3317 3093 Ex

1362 3122 1475 3195 his
1512 3119 1762 3191 hausta
1807 3114 2103 3191 fon-taire
2145 3115 2243 3190 est
2274 3124 2596 3191 narratio
2646 3118 2743 3191 de
2776 3120 3070 3193 Nanide
3106 3118 3319 3220 apud

1363 3222 1846 3297 Parthenium
1892 3222 2133 3291 XXII.
2290 3224 2436 3293 Pro
2496 3239 2702 3294 certo
2770 3240 3016 3295 tamen
3083 3244 3319 3295 nemo
3372 3283 3384 3292 .

1365 3322 1756 3397 affirmarit.
1834 3322 2225 3419 Meuagius
2270 3326 2348 3393 in
2393 3320 2653 3394 Histor.
2699 3324 2993 3397 Mulier.
3042 3322 3315 3397 Philon

1365 3452 1440 3527 p.
1501 3432 1670 3520 498.
1773 3443 2313 3495 commemorat
2383 3428 2603 3497 etiam
2675 3450 3018 3516 carmen,
3104 3424 3323 3525 quod

1367 3545 1596 3626 poeta
1670 3521 1766 3594 de
1834 3521 2323 3634 Colophone,
2410 3530 2643 3623 patria
2698 3525 2880 3599 vrbe
2935 3528 3319 3601 cecinerit.

1368 3625 1521 3700 Sed
1559 3621 1712 3696 falli
1771 3620 1840 3695 se
1891 3624 2129 3721 pailus
2179 3622 2276 3696 est
2322 3624 2707 3725 Menagitis
2762 3655 2807 3700 a
2855 3626 3133 3717 voffio,
3184 3634 3325 3727 qui

1372 3728 1497 3817 (de
1536 3744 1742 3823 poet.
1789 3724 2095 3797 Graecis
2146 3750 2221 3823 p.
2264 3732 2421 3822 90.>
2494 3732 2595 3800 ita
2638 3726 2915 3804 scribit:
2993 3730 3325 3803 Herme-

1349 3825 1660 3922 [ωηατ
1699 3826 2283 3923 Colophonius,
2324 3848 2577 3927 poeta
2619 3830 3017 3931 elegiacus
3048 3834 3153 3902 de
3172 3858 3325 3930 pa-

1373 3933 1537 3998 tria
1587 3926 2053 4024 Colophone
2093 3935 2497 4029 egregium
2544 3958 2867 4005 carmen
2917 3934 3319 4011 condidit,

1373 4046 1450 4099 rc
1486 4054 1587 4097 er:
1635 4026 2053 4119 Pausania
2102 4030 2577 4129 cognoscere
2626 4032 2753 4130 eft.
2858 4034 3060 4107 Male
3109 4032 3327 4107 intel.

1369 4126 1553 4199 lexit
1591 4123 1874 4200 Voss'ius
1931 4127 2187 4201 locum
2238 4133 2639 4208 Pausaniae
2690 4143 2839 4209 iam
2896 4136 3108 4237 supra
3150 4133 3329 4209 alla-

1361 4242 1532 4298 -mm
1561 4230 1612 4315 Ι,
1660 4252 1730 4321 9.
1775 4254 1847 4325 p.
1881 4231 2000 4301 23.
2058 4228 2174 4302 vbi
2214 4234 2430 4325 dicit,
2486 4236 2555 4309 se
2586 4235 2961 4337 suspicari,
3018 4263 3111 4311 eo
3142 4256 3326 4311 tem-

1369 4350 1593 4425 pore,
1643 4353 1797 4425 quo
1833 4330 2074 4402 eversa
2120 4332 2295 4407 esset
2338 4362 2381 4407 a
2414 4336 2842 4429 Lysimacho
2888 4338 3325 4437 Colophon,

1333 4446 1526 4499 ”nou
1581 4425 1790 4498 fuill'e
1852 4428 2298 4529 superstitem
2360 4436 3064 4525 Hei-messanacterm
3142 4438 3328 4513 alio-

1371 4532 1554 4627 quin
1603 4523 2213 4621 futurum'fuiss'e,
2270 4558 2345 4611 vt
2384 4537 2536 4640 ipse
2584 4546 2801 4613 etiam
2852 4538 3325 4637 Colophonis

1367 4634 1613 4701 ruinas
1665 4637 1995 4705 carmine
2049 4635 2379 4712 defleret.
2466 4640 2685 4715 Conf.
2730 4640 3061 4735 Baylium
3108 4643 3323 4715 Dict.

1363 4749 1494 4803 art.
1549 4732 1971 4803 Leontium
2000 4786 2026 4811 ,
2082 4757 2247 4808 not:
2284 4744 2371 4813 Α.
3106 4744 3327 4817 Haec

2146 5116 2300 5252 s*
2905 5212 2913 5219 .
3226 5206 3279 5219 ..
