3909 5792
2499 1090 2644 1139 211

683 1261 952 1339 referri
993 1262 1182 1338 illud
1228 1260 1536 1353 debean
1584 1286 1830 1341 vtrum
1868 1271 1948 1340 in
1980 1286 2242 1338 eorum
2281 1260 2366 1337 fit
2391 1291 2650 1340 nume-
2718 1350 2725 1361 ¹

689 1390 778 1437 ro
826 1366 1307 1464 ponendum,
1465 1391 1608 1439 uae
1643 1367 1903 1467 priscis·
1940 1366 2247 1469 quidem
2298 1372 2647 1487 tempori·-

687 1463 829 1539 bus
870 1490 1014 1566 pro
1057 1462 1415 1540 miraculo
1446 1492 1505 1538 ιε
1535 1487 1846 1542 naturae
1881 1470 2168 1543 euentis
2211 1466 2471 1540 haben
2510 1492 2648 1568 po-

688 1571 1007 1659 tuerint,
1049 1592 1207 1638 non
1233 1571 1413 1640 item
1441 1567 1681 1641 nostra
1711 1589 1953 1644 aetate
1977 1623 1997 1662 ,
2054 1594 2205 1668 qua
2236 1592 2462 1640 nemo
2482 1567 2646 1643 sere

685 1685 861 1739 mm-
889 1666 1092 1740 rudis
1139 1665 1275 1757 est,
1355 1660 1564 1768 quin·
1587 1668 1956 1744 eiusmodi
1989 1694 2277 1759 rerum,
2365 1694 2412 1741 a
2462 1694 2645 1743 con-

567 1817 582 1829 ·
681 1766 891 1841 sueto
933 1787 1244 1840 naturae
1277 1771 1542 1858 ordine
1582 1768 2127 1859 aberrantium,
2183 1768 2431 1845 causas
2468 1794 2657 1869 pro-,

679 1866 967 1942 habiles
999 1866 1266 1943 afferre
1295 1854 1502 1958 sciat;
1553 1897 1651 1943 an
1696 1876 1781 1944 iis
1816 1869 2399 1959 accensendum,
2442 1894 2643 1972 quae

677 1974 1136 2042 narrantium
1187 1971 1522 2044 viuidum
1555 1976 1939 2069 ingenium
1965 2009 2018 2059 ,·
2064 1989 2143 2044 et
2187 1975 2502 2060 animus,
2548 1974 2639 2045 iu
2723 2054 2728 2059 ,

674 2074 876 2143 varia
919 2090 1172 2171 raptus
1201 2126 1221 2162 ‚
1309 2072 1711 2145 auxiliante
1756 2072 2059 2171 linguae
2084 2069 2635 2145 vocabulorum

674 2174 1158 2344 propriorum
1188 2226 1207 2263 ,
1261 2196 1458 2275 quae
1507 2198 1758 2247 rerum
1797 2172 2294 2272 magnitudini
2335 2170 2636 2272 respon-

732 2291 980 2363 erent,
1031 2255 1338 2374 inopia,
1394 2279 1681 2348 auxerit
1719 2294 1797 2348 et
1832 2295 1983 2348 tam
2021 2278 2208 2344 mira
2250 2269 2491 2371 specie
2515 2296 2641 2346 ve·

673 2369 918 2448 stierit.
1047 2378 1314 2450 Vtrum
1354 2375 1714 2475 elegeris:
1768 2378 2153 2474 vtriusque
2184 2379 2369 2445 ratio
2412 2397 2637 2475 expe·

674 2473 828 2547 dita
861 2473 982 2549 est.
1131 2477 1278 2550 Sin.
1320 2480 1495 2549 xfere
1550 2476 1838 2577 lapides
1906 2473 2118 2550 caelo
2187 2474 2632 2566 deciderint,

729 2601 892 2665 uos,
953 2574 1005 2647 si
1043 2602 1186 2650 nos
1216 2575 1665 2677 spectatores
1696 2574 2070 2650 suiss'emus
2099 2631 2119 2666 ,
2172 2573 2355 2646 tales
2392 2571 2627 2667 fuiss'e,

703 2679 887 2748 ateri
912 2675 1392 2752 deberemus:
1499 2702 1808 2779 campos
1845 2676 1953 2749 ibi
1995 2675 2339 2775 lapideos
2390 2672 2627 2767 fuiss'e,
2710 2686 2715 2691 '

668 2773 964 2850 necess'e
1003 2775 1143 2871 est,
1217 2778 1476 2879 quales
1505 2782 1584 2851 in
1621 2777 1830 2854 Italia
1855 2832 1876 2869 ‚
1925 2780 2011 2849 in
2061 2782 2151 2850 iis
2184 2773 2351 2949 ipsis
2406 2774 2623 2868 locis,

666 2874 832 2967 vbi,
937 2902 1134 2979 quae
1181 2903 1273 2952 ex
1315 2883 1530 2953 Liuio
1563 2879 1879 2970 adduxi,
1946 2896 2214 2977 exemp
2247 2903 2292 2950 a
2331 2876 2628 2953 occide-'-

664 2996 880 3067 runt,
950 2982 1284 3079 inprimis
1328 2986 1409 3053 in
1463 2985 1820 3081 Ligurum
1871 2999 1947 3052 et
1988 2977 2289 3071 Salyum
2321 2976 2624 3068 finibus,

660 3075 1008 3155 notfflimi
1036 3078 1217 3171 sunt,
1250 3081 1351 3178 f)
1402 3105 1495 3154 ex
1577 3078 1818 3172 uibus,
1845 3080 2288 3179 tempestatis
2331 3104 2422 3153 ac
2449 3104 2625 3179 ven*

663 3180 918 3252 t'orum
951 3179 1305 3254 violentia
1328 3183 1512 3281 flage
1574 3187 1739 3276 atis,
1788 3181 2079 3281 lapides
2113 3186 2192 3252 iu
2231 3178 2463 3253 altum
2508 3205 2623 3254 vs·

659 3305 815 3383 que
845 3279 950 3354 ad
1005 3280 1246 3355 nubes
1285 3281 1581 3375 sublati,
1633 3303 1710 3357 et
1748 3282 1988 3356 rursus
2034 3286 2115 3354 in
2153 3302 2422 3354 terram
2471 3300 2651 3353 tur-.

657 3380 855 3455 binis
896 3385 970 3456 vi
1015 3382 1286 3458 deiecti
1317 3381 1474 3457 fint.
1575 3388 1670 3457 Et
1711 3381 1760 3456 fi
1786 3389 1951 3486 quis
1998 3402 2413 3473 ventorum,
2457 3402 2615 3455 tan-

655 3481 1798 3577 tavehementiainhorremium,
1851 3486 2391 3560 accuratiorem
2406 3507 2615 3557 men-

654 3587 946 3659 tionem
978 3583 1378 3674 defideret,
1413 3612 1676 3688 eaque
1731 3587 1828 3661 de
1873 3583 2090 3661 causa
2136 3580 2253 3661 vel
2287 3608 2446 3656 non
2507 3589 2614 3658 ita

649 3682 898 3777 fuiss'e,
951 3685 1071 3759 vel
1104 3686 1323 3761 aliam
1361 3687 1652 3763 causam
1692 3683 1969 3763 subesse
2026 3683 2353 3759 debuiffe
2382 3681 2616 3759 existi-

652 3805 849 3879 met,
903 3812 1075 3861 eum
1107 3789 1204 3861 ad
1259 3791 1643 3864 Romanos
1707 3787 2100 3888 scriptores
2139 3784 2452 3886 ablego,
2529 3804 2610 3862 ee

650 3885 823 3961 loca
871 3887 1230 3991 inspicere
1270 3888 1499 3965 iubeo
1520 3946 1540 3982 ,
1590 3888 1716 3965 vbi
1747 3889 1918 3964 talia
1960 3886 2305 3989 prodigia
2344 3910 2606 3961 recen-

649 3987 897 4063 sentur
928 4016 946 4059 ε
1047 3990 1566 4094 deprehendet
1588 3998 1790 4067 enim
1810 4045 1830 4082 ,
1883 4013 2023 4065 eos
2052 4014 2218 4062 raro
2244 3990 2447 4062 venti
2472 4005 2607 4065 aut

646 4093 960 4166 turbinis
993 4097 1456 4167 mentionem
1519 4099 1869 4182 iniicere,
1954 4089 2402 4190 plerumque
2441 4085 2602 4163 sun-

643 4191 940 4293 pliciter
981 4193 1318 4295 pluuiam
1353 4192 1733 4296 lapideam
1788 4217 2403 4273 commemorare.
2448 4191 2608 4264 Cur

683 4322 694 4333 ·
1605 4298 1676 4373 Ο
1701 4320 1751 4373 a
2494 4295 2603 4363 ito„

719 4650 809 4741 f)
843 4649 998 4716 vid.
1023 4652 1368 4745 He'ynium
1401 4658 1480 4720 in
1514 4646 1948 4738 Fragmencis
1976 4643 2310 4747 historiae
2363 4652 2599 4705 natur.

816 4760 1240 4913 ἧοέεῧιξιέ,
1266 4740 1612 4832 prodigiis
1646 4756 1714 4802 oc
1746 4729 2081 4816 molstus.
2127 4724 2599 4819 Opurcxron.
