3909 5792
583 782 768 871 haustam
784 810 898 895 atque
918 790 1122 891 expressam
1140 794 1296 885 dixeris,
1348 793 1450 897 leges
1465 798 1588 885 etiam,

609 924 701 999 spiras
728 892 890 971 cultores
909 898 987 964 eius
1010 915 1048 966 et
1069 896 1356 995 amplificatores
1379 896 1588 981 obserttent,

603 1020 714 1097 'anuas
734 994 835 1067 stmul
853 1020 939 1069 cum
955 1018 1000 1066 ea
1015 1014 1054 1069 et
1069 1023 1115 1070 ex
1139 998 1275 1071 eodem
1291 996 1356 1071 illo'
1375 996 1483 1095 sonte
1501 996 1590 1069 haus

606 1102 675 1175 stas
694 1095 764 1169 esse
781 1092 927 1169 necesse
949 1092 1002 1167 stt.
1077 1102 1126 1173 At
1139 1124 1229 1173 vero
1253 1124 1367 1201 quam
1391 1098 1537 1171 diuerso
1555 1096 1592 1171 se

608 1200 725 1275 modo
738 1198 833 1271 haec
849 1195 991 1268 habent
1003 1200 1044 1269 in
1060 1196 1261 1274 dramatica
1273 1196 1385 1299 poest.
1432 1205 1520 1273 Erat
1534 1212 1591 1287 ea,

640 1326 728 1373 uum
744 1303 903 1393 primum
920 1321 966 1367 ex
983 1318 1116 1373 natura
1132 1298 1268 1399 egressa
1282 1292 1380 1387 esset,
1398 1299 1513 1399 longe
1527 1326 1591 1371 au-

608 1330 768 1477 ilacioris
786 1397 944 1483 indolis;
966 1396 1067 1495 leges
1077 1438 1094 1490 ,·
1114 1428 1207 1503 quas
1226 1406 1303 1475 eius
1325 1405 1524 1473 nutritores
1542 1400 1613 1472 se«.

609 1501 778 1603 quendas
801 1498 863 1569 libi
880 1496 1095 1591 statuerant,
1119 1522 1157 1576 et
1171 1526 1269 1603 quae
1286 1528 1373 1579 cum
1388 1500 1461 1574 hac
1477 1500 1592 1572 auda·

482 1670 488 1693 ,
568 1668 588 1697 ,‚
608 1610 666 1679 cia
697 1622 733 1673 ct
759 1600 883 1699 spiritu
910 1603 1045 1675 mirum
1074 1606 1113 1674 in
1137 1604 1297 1677 modum
1322 1598 1590 1687 consonabant,

574 1698 581 1713 ’
610 1722 716 1777 erant
735 1700 819 1773 illae
843 1699 999 1799 quidem
1007 1728 1059 1797 ex
1071 1725 1203 1776 natura
1222 1724 1411 1805 arreptae,
1459 1700 1521 1777 sed
1539 1718 1590 1771 ta-

610 1830 718 1892 men,
760 1806 940 1902 quoniam
958 1807 1112 1877 nimiam
1127 1804 1316 1881 licentiam
1333 1822 1370 1879 et
1381 1804 1591 1877 libertatem

611 1903 770 1990 dabant,
810 1901 858 1973 nd
873 1901 977 1973 illurn
993 1902 1128 1997 finem,
1171 1906 1220 1979 ad
1234 1932 1349 2007 quern
1364 1904 1425 1977 alii
1439 1900 1591 1990 deiude,

609 2010 713 2105 iique
739 2003 1022 2103 prudentiores,
1067 2032 1151 2081 eam
1174 2010 1383 2107 perducere
1400 2002 1592 2091 volebant,

608 2110 786 2180 minimae
815 2124 937 2201 aptae.
1002 2110 1212 2208 Propterea¹
1237 2113 1380 2209 ingenti
1406 2106 1526 2182 studio
1554 2122 1593 2176 ct

610 2227 690 2279 arte
706 2204 799 2279 aliae
816 2210 1071 2302 excogitatae,
1112 2215 1304 2311 principiis
1319 2230 1446 2283 tamen
1464 2232 1511 2281 ex
1527 2230 1593 2277 na·

610 2328 695 2382 tura
709 2307 932 2405 depromtis,
976 2334 1136 2407 quarum
1151 2311 1324 2401 vinculo,
1370 2308 1499 2412 quoad
1511 2311 1593 2380 eius
1642 2376 1646 2383 .

609 2408 691 2482 heri
708 2405 848 2507 pollet,
889 2406 1070 2505 paulatim
1083 2436 1166 2485 eam
1178 2412 1453 2512 adstringerent.
1498 2412 1595 2483 -Neo
1693 2428 1703 2443 “

610 2506 724 2584 inane
741 2506 899 2580 studium
913 2506 1003 2600 suit,
1040 2512 1175 2586 harum
1196 2518 1298 2589 enim
1313 2514 1440 2613 legunt
1459 2513 1594 2613 princi·

506 2674 509 2687 .
607 2614 679 2712 piis
710 2614 762 2681 ita
789 2607 1023 2694 conformata
1046 2612 1115 2703 est,
1150 2635 1189 2687 vt
1211 2612 1424 2717 paucilstma
1446 2630 1593 2685 tanmm

609 2710 748 2813 prillini
777 2714 888 2781 moris
914 2730 951 2783 et
979 2716 1120 2810 ingenii
1143 2720 1338 2791 retinuerit
1366 2710 1513 2811 vestigia
1536 2717 1591 2801 a).

610 2816 806 2909 Originem
832 2834 851 2881 a
879 2808 1118 2909 dithyrambis
1139 2818 1264 2909 ducit,
1311 2817 1456 2911 hymnis
1468 2811 1539 2885 illis
1552 2816 1593 2885 itt

607 2911 746 2987 Bacchi
765 2911 952 2984 honorem
966 2913 1179 2991 vindemiae
1190 2939 1267 2993 tem
1296 2943 1363 2993 ore
1378 2920 1519 2991 cantari
1539 2910 1557 2985 s
1578 2952 1594 2965 -

608 3014 694 3087 litis.
749 3010 897 3109 Quibus
927 3041 1046 3115 quum
1072 3017 1223 3093 additae
1246 2942 1362 3093 essent
1383 3016 1594 3091 saltationes

612 3114 661 3187 ad
677 3113 789 3187 tibiae
803 3112 1042 3216 citharaeque
1062 3120 1217 3209 modos;
1245 3127 1311 3221 qui
1322 3146 1405 3195 mos
1425 3125 1538 3193 etiam
1552 3121 1594 3189 in

615 3214 774 3297 aliorum
791 3214 949 3287 deorum
961 3215 1058 3292 festis
1073 3219 1285 3295 obtinebat:
1310 3227 1389 3299 ven‘
1399 3245 1480 3296 non
1497 3213 1594 3292 dissi-

609 3313 699 3389 mile
717 3314 785 3406 est,
812 3313 1003 3408 homines,
1032 3340 1071 3393 vt
1090 3318 1382 3421 splendidiorem
1401 3320 1591 3397 efficerent

610 3414 898 3508 solemnitatem,
924 3423 1000 3492 iam
1016 3435 1098 3495 tum
1114 3422 1265 3499 vlterius
1279 3418 1509 3526 processisse,
1553 3418 1597 3487 et'

1483 3524 1594 3615 Nym-

652 3730 1288 3891 ⁰>slslssss'tsh‘iz'sslllz
1307 3738 1589 3909 assistitis

697 3902 796 3965 nicht
809 3904 900 3965 vett·
929 3906 1018 3994 frey
1034 3910 1111 3973 aad
1126 3912 1512 4001 rengehindereemport
1557 3932 1592 3972 05

690 3986 795 4087 'ward
802 3928 923 4133 pletis
934 3991 1106 4083 Artfangs
1117 3998 1429 4078 auf'eineandere,
1453 3994 1528 4085 aus
1533 3994 1592 4059 die

698 4073 713 4136 l
737 4076 801 4159 rtsc
813 4094 857 4153 te,
869 4074 1162 4175 Gactunggepfio
1176 4084 1431 4175 fl,uttdnahm
1442 4106 1506 4148 von
1517 4080 1592 4147 die-¹

683 4094 747 4246 stt
759 4158 923 4249 Gaetttrtg
933 4168 1036 4229 einen
1070 4110 1372 4323 ‘'Wffin'ftmdm
1381 4168 1592 4258 Gffmmark

698 4267 765 4325 an,
790 4244 852 4310 der
856 4242 938 4325 fich
953 4255 1019 4319 mie
1056 4276 1093 4319 er
1139 4278 1184 4323 en
1198 4266 1415 4327 awar'etwas.
1438 4258 1523 4333 aber
1535 4280 1546 4320 1
1559 4258 1594 4320 ie

606 4382 610 4393 .
698 4334 930 4417 ganzmieder
943 4340 1084 4411 vetlem·
