3909 5792
641 674 730 814 te
1004 710 1254 777 ’β

967 824 974 855 l

644 920 947 1011 Mithridatico.
972 918 1070 1007 (vid.
1099 923 1179 995 Cic.
1204 947 1244 1021 p.
1266 916 1377 993 Arclr.
1402 940 1438 1014 9.
1485 917 1550 995 Ad
1566 916 1635 999 Ag.

645 1040 708 1110 ᾖε.
731 1036 757 1118 l,
783 1030 870 1108 16.)
912 1027 955 1094 ln
980 1027 1105 1095 animo
1131 1020 1271 1095 hahere
1288 1019 1381 1093 visus
1400 1019 1451 1094 est
1469 1045 1531 1096 ree
1550 1026 1639 1098 Me-

640 1133 725 1210 telli
741 1126 929 1205 Numidici
956 1118 1112 1199 scribere
1135 1122 1208 1206 (ad
1223 1127 1333 1196 Attio.
1352 1121 1377 1192 l.
1399 1128 1479 1215 c.·);
1505 1129 1639 1199 incer-

644 1257 726 1313 tum
744 1251 879 1316 tumen,
906 1251 954 1296 an
970 1250 1057 1298 vere
1079 1223 1264 1323 scripserit.
1317 1218 1641 1319 Versibus-etiam

645 1329 816 1435 expressit
835 1325 1089 1426 haruspicum
1109 1324 1333 1426 responsum
1347 1326 1400 1395 de
1419 1324 1464 1421 Q.
1478 1324 1642 1424 Roscio

644 1433 868 1517 ¹Cornordo.
923 1430 1052 1524 Quum
1073 1432 1173 1500 enim
1192 1445 1319 1515 noctu,
1343 1422 1484 1503 lumine
1506 1452 1641 1529 appo-

644 1536 738 1628 fito,
764 1535 889 1605 nutrix
905 1525 1236 1618 animaduertisset,
1261 1551 1422 1627 puerum
1437 1530 1642 1605 nonnion-

640 1660 723 1733 Jem
759 1656 797 1707 et
822 1631 1052 1728 implicatum
1077 1632 1253 1729 serpentis
1285 1628 1480 1727 amplexu,
1519 1650 1643 1731 pater

644 1739 801 1833 nutricis¹
836 1732 1001 1805 clamore
1028 1751 1240 1807 comnotus
1271 1729 1320 1801 ad
1345 1726 1557 1830 haruspices
1575 1757 1639 1805 re·

644 1842 742 1925 tulit.
793 1828 1090 1931 Responderunt,
1114 1830 1207 1907 nihil
1223 1830 1287 1903 illo
1308 1827 1452 1921 clurino,
1470 1828 1564 1905 nihil
1588 1832 1640 1905 il-

644 1938 790 2017 lustrins
818 1930 910 2005 fore.
948 1958 983 2005 v.
1016 1936 1095 2006 Cic.
1131 1933 1179 2005 de
1208 1934 1294 2005 Div.
1326 1935 1353 2021 Ι,
1387 1932 1447 2005 56.
1498 1936 1565 2006 De
1580 1958 1639 2009 eo

645 2041 833 2125 camnine,
856 2033 961 2136 quod
979 2032 1028 2107 de
1051 2032 1243 2108 consulatu
1261 2036 1456 2107 Ciceronis
1475 2028 1638 2135 scriptu·

645 2166 710 2222 rus
728 2156 826 2228 erat,
855 2156 893 2208 et
917 2134 1042 2236 quod,
1080 2155 1183 2225 tum,
1210 2160 1298 2209 cum
1320 2133 1426 2209 causa
1447 2138 1527 2207 eius
1547 2161 1637 2237 age*

645 2246 777 2332 batur,
816 2240 892 2309 iam
916 2241 1087 2335 attigerat
1106 2259 1144 2309 ot
1166 2235 1427 2325 inchoauerat‚
1448 2234 1544 2307 nihil
1567 2263 1638 2311 ne·

678 2368 726 2421 ne
741 2366 787 2415 ex
802 2337 882 2411 aliis
894 2340 1100 2411 ,Ciceronis
1127 2338 1220 2411 locis
1228 2390 1239 2423 ,
1259 2361 1386 2438 neque
1405 2356 1451 2408 ex
1465 2335 1635 2413 aliorum

645 2375 867 2543 scriptorum
886 2437 1096 2512 testimonio
1118 2440 1276 2527 constat,
1318 2436 1531 2537 persectum
1548 2434 1634 2513 sue-

645 2556 713 2638 rit,
740 2567 812 2615 nec
828 2566 887 2613 ne.
940 2542 1031 2612 Tria
1047 2559 1190 2615 tanturn
1205 2544 1378 2628 carmina,
1406 2564 1505 2639 (luae
1521 2540 1633 2641 opud

647 2655 874 2727 Ciceronem
890 2661 1241 2731 commemorantur,
1269 2660 1371 2713 certa
1388 2638 1490 2729 sunt;
1518 2646 1635 2741 epioe

520 2808 526 2821 .
645 2754 744 2838 dno,
771 2744 920 2815 bellum
956 2741 1197 2817 Cimbricum
1227 2761 1265 2835 et
1290 2740 1439 2813 bollum
1461 2732 1633 2815 Mithri-

645 2842 855 2929 daticum,
882 2864 920 2919 et
936 2870 1051 2917 vnum
1065 2849 1104 2917 in
1122 2844 1244 2921 Roscii
1260 2841 1428 2947 laudem,
1455 2842 1634 2941 Hippon·

633 2959 729 3059 sum
753 2944 1016 3043 haruspicum.
1069 2945 1145 3021 Sed
1184 2942 1392 3017 dolendum
1421 2940 1489 3033 est,
1529 2943 1633 3020 nihil

644 3061 696 3135 de
729 3047 853 3123 histris
878 3046 1001 3121 nostra
1023 3066 1196 3146 tempora
1218 3045 1401 3119 seruatum
1429 3042 1520 3135 esso,
1575 3069 1634 3121 ne

643 3158 894 3255 sragmentum
920 3148 1092 3248 quidem,
1112 3148 1217 3247 quod
1235 3140 1323 3219 mihi
1350 3140 1505 3246 quidem
1519 3142 1633 3221 inno·

538 3290 544 3302 ’
643 3261 768 3343 tuerit.
812 3255 962 3323 Praeter
980 3247 1077 3321 haec
1095 3274 1184 3321 vero
1203 3248 1274 3321 alia
1293 3243 1428 3346 scripsit
1448 3242 1633 3341 carmina,

640 3363 694 3439 nd
718 3354 929 3431 breuiorem
970 3350 1203 3421 Graecorum
1236 3346 1362 3449 poesin
1388 3342 1630 3447 pertinentia,

643 3481 809 3567 quorum
829 3469 973 3550 partem
1000 3446 1145 3521 seruant
1175 3449 1355 3523 Analecta
1386 3444 1629 3525 Brunckiana

641 3562 690 3641 Τ,
708 3564 754 3634 11.
772 3582 810 3655 p.
839 3576 898 3647 92.
927 3568 964 3623 et
983 3550 1068 3623 528.
1121 3552 1170 3625 At
1185 3577 1234 3624 ne
1253 3546 1337 3652 quis
1356 3544 1498 3639 omnia,
1525 3574 1633 3651 (puae

539 3661 544 3684 ¹
640 3665 696 3744 ibi
718 3654 1035 3747 Archiuenomen
1055 3646 1199 3751 praese
1216 3652 1358 3742 serunt,
1384 3640 1630 3727 ArchiaeAm

640 3760 809 3839 tiooheni
841 3749 913 3827 esse
944 3753 1139 3843 existimet,
1184 3748 1374 3828 sciendum
1402 3750 1469 3841 est,
1495 3741 1631 3852 plures

639 3860 747 3943 inille
760 3859 870 3931 huius
885 3860 1047 3929 nominis
1067 3876 1218 3957 poetas,
1249 3859 1372 3955 quiin
1391 3852 1536 3927 Codice
1554 3854 1631 3930 Va-

639 3970 779 4049 ticano,
805 3955 893 4032 teste
915 3956 1103 4031 Brunckio
1121 3960 1182 4047 (in
1203 3977 1281 4030 not.
1301 3954 1351 4025 ad
1371 3954 1477 4029 Anas.
1497 3946 1544 4027 T.
1555 3960 1626 4032 lli.

639 4096 680 4173 p.
720 4062 823 4144 148.)
846 4058 1005 4132 distincti
1034 4050 1127 4130 sunt.
1179 4052 1263 4131 Fuit
1294 4052 1449 4129 Archias
1478 4058 1632 4151 Mityleae

639 4188 769 4251 nneuS,
784 4156 846 4233 cui
867 4155 1081 4261 tribuuntur
1098 4163 1363 4278 epigrammata
1379 4160 1481 4228 XXI.
1491 4146 1629 4234 ’xxln

532 4334 535 4345 ,
639 4267 779 4355 XXW·
812 4258 953 4333 XXXI.
990 4263 1094 4341 euius
1121 4279 1230 4333 etrum
1253 4256 1442 4333 Brunckio
1473 4252 1630 4351 ¹videtur

639 4370 715 4468 9110
736 4386 889 4447 carmen
900 4362 1023 4441 XXV·
1044 4362 1207 4461 Cannen
1219 4360 1378 4437 XXXII»
1398 4352 1631 4536 titulrurpha-

742 4534 778 4563 .-
1565 4486 1605 4539 et
