3909 5792
637 1227 784 1302 lud
810 1224 1253 1303 miraculum
1283 1221 1414 1301 fibi
1464 1252 1624 1301 non
1660 1216 1932 1327 poss'mt
1982 1228 2470 1331 persuadere,
2519 1238 2607 1311 in

649 1329 914 1428 vulgus
967 1346 1196 1401 notae
1229 1325 1428 1415 sunt3
1479 1353 1712 1427 quare
1752 1352 1981 1407 nemo
2025 1338 2201 1423 erit,
2255 1337 2389 1434 qui
2413 1359 2607 1413 ame

646 1456 860 1505 nunc
890 1428 1214 1527 'longam
1243 1452 1499 1501 earum
1531 1435 2177 1505 enumerationem
2223 1456 2595 1534 expectet.

651 1532 811 1628 Qui
845 1528 1174 1621 fauerit,
1227 1547 1470 1603 totum
1505 1527 1964 1622 vainei-sum,
2015 1538 2267 1627 cuiue,
2334 1554 2415 1609 vt
2459 1564 2603 1612 no-

649 1652 826 1705 runt
850 1630 1081 1706 hodie
1123 1654 1386 1705 omnes
1430 1654 1680 1703 rerum
1713 1649 2027 1706 naturae
2046 1639 2305 1734 periti,
2350 1644 2602 1713 arctis-
2714 1722 2719 1727 ,

645 1729 825 1807 fima
854 1731 952 1809 est
1002 1757 1176 1807 cum
1207 1728 1392 1823 sole,
1442 1748 1518 1806 et
1561 1730 1881 1833 planetis
1903 1788 1924 1824 ‚
1990 1741 2209 1809 certis
2292 1735 2607 1814 orbibus

650 1860 826 1923 ,enm
880 1832 1378 1915 ambientibus
1403 1884 1424 1925 ,
1511 1837 1948 1909 coniunctio
1975 1888 1996 1925 ,
2080 1836 2603 1936 perturbatum

648 1936 726 2011 et
769 1960 815 2011 a
837 1954 1048 2010 motu
1087 1933 1220 2009 suo
1241 1932 1568 2009 solemni
1593 1933 2037 2033 impeditum
2068 1936 2213 2012 ess'e
2245 1937 2602 2033 debuiss'e,

643 2034 707 2113 is
741 2058 822 2112 vt
869 2032 1312 2138 persuadere
1343 2033 1478 2109 fibi
1525 2032 1743 2135 poffit
1766 2080 1788 2125 ,
1827 2038 2083 2109 Deum
2110 2036 2299 2113 illud
2324 2038 2605 2117 Israeli-

645 2159 890 2215 tarum
957 2141 1188 2239 gratia
1213 2191 1236 2230 ,
1325 2162 1480 2238 quo
1542 2141 1995 2211 Amorraeos
2056 2134 2465 2216 funderent
2506 2168 2605 2217 ao

641 2242 864 2347 pfofli
916 2257 1167 2330 arent,
1268 2239 1428 2312 uod
1475 2234 1629 2312 fine
1669 2249 1878 2312 tanto
1920 2238 2287 2314 miraculo
2346 2239 2603 2317 facere

641 2365 786 2448 pot
842 2352 856 2364 '
919 2359 1049 2416 ent
1074 2394 1093 2433 ‚
1149 2358 1225 2413 et
1361 2364 1406 2414 e
1433 2337 1667 2413 dubio
1690 2358 2103 2439 potuerunt
2124 2395 2145 2433 ,
2196 2339 2361 2417 fieri
2392 2342 2603 2417 volu-

641 2445 808 2537 iss'e,
860 2442 1344 2517 vehementer
1372 2462 1657 2515 vereor.
1785 2440 2131 2533 Deinde,
2198 2439 2253 2515 fi
2283 2450 2401 2518 res
2440 2463 2602 2517 tan-

644 2569 768 2623 tae
809 2544 1164 2619 nouitatis
1196 2546 1536 2643 tantique
1581 2538 1924 2616 miraculi
1953 2540 2380 2636 accidisset,
2432 2568 2603 2621 eam

641 2674 806 2722 non
841 2642 1078 2721 solum
1115 2641 1478 2717 Israelitae
1513 2660 1602 2719 et
1657 2645 2102 2719 Cananaeae
2130 2665 2391 2745 gentes
2444 2644 2600 2721 fen·-

641 2750 852 2824 l'urae
881 2740 1196 2835 fuiffent,
1245 2742 1371 2817 sed
1403 2770 1542 2845 per
1565 2767 1872 2818 omnem
1901 2763 2264 2821 terrarum
2308 2746 2597 2841 orbem,

557 2902 566 2912 .
643 2866 1018 2952 quatenus
1057 2841 1166 2918 rol
1198 2868 1372 2919 eum
1408 2844 1629 2917 radiis
1683 2842 1824 2919 suis
1881 2842 2289 2939 collustrat,
2350 2847 2451 2923 ad
2484 2874 2603 2925 re·-

642 2944 1074 3025 motiffimos
1107 2969 1208 3044 po
1265 2944 1471 3037 u108,
1513 2971 1674 3019 non
1704 2942 1904 3019 fama
1947 2950 2105 3020 eius
2130 3000 2151 3036 ,
2194 2945 2320 3023 red
2375 2976 2469 3024 ex
2526 2970 2600 3025 e·

641 3052 910 3127 rientia
941 2972 1301 3121 debuusst
1336 3047 1812 3151 pertendere.
1855 3112 1862 3121 .
1909 3048 2009 3121 At
2041 3052 2241 3121 enim
2265 3053 2349 3123 in
2380 3077 2435 3125 n
2546 3078 2597 3127 o

640 3172 980 3226 veterum
1010 3144 1447 3249 scriptorum
1487 3148 1586 3221 de
1632 3146 1761 3221 tali
1789 3146 2155 3222 miraculo
2180 3152 2599 3253 quidquam
2640 3218 2647 3227 .

638 3253 1003 3353 legimus3
1077 3272 1351 3350 quare,
1434 3248 1647 3349 quod
1693 3273 1788 3323 eo
1833 3269 2179 3350 tempore
2207 3256 2594 3345 acciderit,

636 3359 804 3429 iure
856 3348 1106 3426 nostro
1173 3348 1588 3449 colligimus
1612 3402 1634 3441 ,
1735 3347 1941 3423 aliud
2004 3348 2253 3442 fuiss'e,
2366 3380 2597 3455 quam

638 3453 892 3631 qiussod,
953 3449 1006 3525 fi
1043 3450 1144 3572 ad
1182 3450 1475 3649 litera&
1508 3471 1804 3627 ῃὲιηειω
1843 3451 2322 3627 ἰὲιεεῌὲςίῐέἰωε
2343 3510 2364 3545 ,
2421 3481 2595 3530 eue-

634 3584 688 3633 n
773 3581 818 3632 e
849 3578 1279 3654 aoc1p1mus.
1466 3580 1544 3625 m
1649 3576 1830 3628 vero
1949 3576 2056 3627 en
2102 3607 2124 3645 ,
2235 3580 2279 3629 e
2318 3580 2414 3629 eo

640 3728 1186 3805 Grammatici
1234 3742 1611 3815 cet-canc..
1714 3740 1798 3799 ec
1837 3720 2282 3823 adhaesub
2323 3730 2597 3811 iudice

1381 3857 1477 3932 Iis
1519 3857 1646 3957 est.

827 4061 942 4139 Ex
972 4056 1512 4157 recentioribus
1559 4056 2089 4161 interpretibus
2116 4079 2263 4136 tres
2299 4079 2597 4144 tantum

636 4188 1225 4243 commemorare
1241 4162 1490 4263 placet
1504 4159 1975 4250 Michaelem,
2016 4160 2402 4259 Dathium,
2444 4169 2596 4241 H&

631 4268 941 4341 zelium:
1007 4290 1184 4339 nam
1214 4263 1510 4363 longius
1545 4259 1740 4336 foret
1766 4314 1786 4351 ,
1839 4256 1912 4352 fi,
1967 4265 2339 4365 quidquid
2376 4265 2597 4368 super

629 4366 994 4443 hocloco
1021 4367 1408 4465 scriptum,
1463 4363 1922 4463 disputatum
1949 4417 1971 4454 ,
2042 4371 2449 4465 cogitatum
2502 4394 2597 4443 ao

628 4470 1076 4555 somniatum
1139 4463 1278 4555 est,
1383 4461 1465 4541 id
1537 4487 1767 4538 omne
1841 4463 2226 4540 recensere
2295 4466 2586 4543 vellemss

626 4566 1017 4653 Michaelis
1069 4584 1316 4668 putat,
1355 4564 1796 4663 cananaeos
1816 4617 1836 4654 ‚
1887 4562 2015 4638 vbi
2040 4564 2313 4665 infuga
2340 4594 2387 4641 a
2410 4587 2594 4641 tem-

629 4670 906 4773 pestate
927 4722 947 4763 ,
1052 4692 1282 4771 quam
1337 4665 1648 4768 scriptor
1677 4663 1769 4739 vs.
1817 4692 1844 4737 1
1868 4692 1930 4736 1.
2022 4686 2587 4757 commemorat,

2368 4763 2594 4841 vehe-
