3909 5792
529 772 617 822 eum
629 746 785 822 modum
797 747 961 849 redigat,
1014 777 1127 853 quem
1141 748 1235 827 finni
1252 766 1290 828 et
1305 746 1504 829 constiutit

526 854 642 925 animi
666 849 857 925 hominem
879 852 1022 927 seruare
1042 880 1110 955 par
1131 853 1189 928 est.
1255 857 1345 951 Quo
1367 859 1504 930 certius

526 969 653 1025 autern
682 950 731 1023 est
758 953 943 1027 eiusmodi
969 952 1185 1031 affectiones
1203 959 1243 1025 in
1263 962 1406 1055 tragico
1423 956 1504 1028 dra·

525 1071 627 1127 mate
645 1051 774 1127 loctun
789 1052 928 1128 habere
950 1082 1029 1129 non
1043 1055 1164 1155 poffe,
1216 1052 1282 1126 nifi
1302 1082 1421 1155 quum
1435 1054 1502 1135 ho·

525 1158 665 1246 mines,
706 1180 868 1254 quorum
882 1182 1003 1229 mores
1027 1176 1064 1229 et
1076 1155 1216 1228 miseria
1226 1175 1500 1253 proponantur,

524 1253 635 1330 nobis
663 1256 836 1357 aequales
860 1258 898 1346 l)
920 1255 1076 1342 fuerint,
1118 1273 1197 1328 turn
1215 1249 1281 1351 ipsi
1302 1252 1355 1324 illi
1375 1282 1500 1331 mores

523 1374 564 1430 et
583 1355 724 1431 miseria
749 1362 801 1430 ita
822 1361 962 1428 imitata
987 1377 1101 1452 atquc
1116 1355 1165 1427 ad
1183 1377 1313 1427 verum
1334 1354 1499 1456 expressa

522 1478 756 1559 comparent,
783 1472 822 1526 vt
838 1478 914 1524 non
927 1452 1062 1541 fictam,
1088 1453 1151 1526 sed
1167 1450 1281 1553 ipsam
1297 1476 1379 1523 eam
1386 1479 1498 1549 prae·

523 1557 666 1635 sentem
681 1562 732 1643 ιιι)
748 1553 871 1629 videre
888 1551 997 1625 nobis
1015 1553 1225 1641 videamur3
1253 1576 1300 1631 co
1311 1557 1426 1649 tnagis
1443 1568 1496 1634 ct-

521 1662 595 1735 ianr
615 1654 727 1725 dubio
744 1666 866 1738 caret,
908 1668 989 1751 ¹quo
1007 1650 1233 1751 plurafimul
1248 1650 1495 1725 adhibeantur

520 1753 734 1833 imitationis
755 1746 1016 1841 instrumenta,
1060 1777 1107 1826 eo
1130 1750 1275 1827 facilius
1294 1768 1331 1824 et
1357 1756 1492 1824 certius

520 1880 600 1942 non
619 1848 734 1925 modo
752 1855 933 1925 concitari
948 1850 1124 1943 affectus,
1168 1853 1230 1937 [ed
1246 1858 1359 1926 etiarn
1371 1851 1494 1925 foueri

484 1994 487 2001 ·
517 1973 633 2055 utque
646 1950 742 2024 adeo
754 1956 914 2053 purgari.
963 1957 1043 2027 Iam
1054 1954 1242 2042 ridemus,
1264 1979 1377 2059 quam
1389 1977 1495 2052 prae-

520 2056 620 2147 clare
636 2058 763 2126 omnia
786 2052 834 2124 ad
854 2052 957 2127 hunc
973 2050 1095 2135 finem
1113 2053 1273 2137 instituta
1287 2051 1426 2131 fuerint
1453 2059 1493 2125 in

520 2156 752 2233 Graecorum
766 2152 966 2254 tragoedia.
1017 2160 1144 2230 Finitis
1157 2153 1303 2253 singulis
1317 2154 1492 2255 episodiis

518 2275 651 2341 cantus
670 2255 918 2335 audiebantur
943 2271 980 2329 ct
1005 2256 1331 2331 instrumentorum
1348 2255 1494 2328 harnio·
1577 2326 1579 2330 .

517 2363 615 2452 niae,
634 2358 683 2434 ad
699 2381 790 2465 quas
804 2355 993 2457 [altatorqs
1006 2356 1184 2443 incestum
1201 2354 1490 2433 concinnabant.
1591 2444 1595 2451 Ι

1382 2459 1494 2565 Quae

602 2826 812 2905 Tuscui.il1‚
826 2850 878 2914 27.
895 2836 897 2841 '
922 2828 1073 2916 Apparet
1091 2829 1216 2918 igitur,
1248 2849 1349 2918 quam
1362 2842 1490 2897 temere

600 2915 743 2987 fecerint
758 2962 767 2986 ,
805 2917 867 3003 qui¹
877 2917 1134 2999 miserationem
1145 2930 1178 2979 et
1191 2934 1354 2980 terrorem
1367 2917 1403 2982 in
1414 2916 1491 2978 Ari-

599 2999 725 3079 [inteiis
751 2999 819 3064 fine
845 3003 1047 3067 coniunctos
1072 3000 1136 3066 offe
1160 3000 1348 3066 voluerunt.
1387 2999 1491 3066 Mofis

527 3140 532 3149 .
600 3084 755 3159 Mendeli
774 3085 835 3161 filii
855 3084 1112 3175 explicationem
1137 3085 1379 3165 miserationis,
1416 3110 1491 3152 non

601 3179 712 3247 miuus
729 3196 838 3241 verani
852 3194 953 3265 quarn
967 3189 1121 3255 acutam,
1164 3174 1179 3261 (
1192 3174 1322 3260 Philip:
1348 3174 1488 3270 Scltrisc.

600 3260 642 3325 T.
651 3262 690 3325 ll.
708 3285 739 3347 p.
749 3260 796 3346 4.)
820 3260 861 3324 ad
876 3259 1061 3324 Aristotelis
1075 3275 1188 3329 tamen
1202 3258 1313 3325 locum
1328 3283 1400 3325 non
1413 3282 1490 3348 per.-

597 3349 708 3411 tinere
721 3392 733 3431 ,
763 3345 864 3411 docet
881 3347 1026 3434 optimus
1040 3346 1138 3412 huius
1152 3352 1318 3441 interpres
1330 3345 1490 3436 Lessingi·

602 3453 641 3496 us
656 3437 802 3505 Dramat.
817 3455 850 3521 p.
877 3453 947 3519 ¹77·
962 3428 1028 3521 seq,

556 3637 593 3726 l)
616 3634 712 3707 Iihet.
728 3636 772 3711 ΙΙ.
784 3640 815 3705 8.
839 3617 901 3701 nic
915 3621 1025 3724 o‘poipc
1037 3623 1160 3711 ἕλεξσι.
1186 3634 1229 3711 cf.
1243 3635 1340 3709 Poet.
1353 3635 1437 3703 xm.
1452 3658 1486 3725 p.

602 3728 654 3793 88.
669 3726 722 3811 89.
736 3720 864 3799 iitrles.

550 3930 603 4018 m)
626 3925 761 3994 Aristot.
776 3923 797 3989 1.
815 3947 842 3988 c.
858 3912 1006 3997 ἕλεέτιν,
1042 3904 1151 4003 iwrio
1167 3906 1257 3987 ariri
1275 3913 1319 3986 ri
1335 3902 1425 3985 δείνα
1437 3903 1486 3981 iir-

594 4046 669 4105 ‘ron
690 4010 746 4076 fed
759 4027 869 4075 toturn
891 4023 992 4095 caput
1005 4005 1255 4095 perlegendum.
1279 4006 1426 4091 Segnius
1440 4011 1487 4069 ir-

596 4120 708 4181 ritant
724 4118 859 4179 am'mos
871 4110 1012 4200 domiffa
1025 4134 1089 4200 por
1100 4134 1241 4179 orarem,
1264 4108 1381 4194 Quom
1394 4131 1487 4197 quae

584 4204 676 4289 sunt
691 4198 1161 4288 oculissubiccto-fidelibus.
1187 4216 1221 4261 et
1232 4190 1487 4285 prtaelpscfibi

593 4286 705 4352 tradit
709 4293 900 4379 spectator.
924 4285 1044 4351 Horat.
1061 4282 1103 4349 ad
1116 4283 1252 4350 Pisonn.
1271 4285 1340 4350 180.
