3909 5792
766 1112 959 1129 ---
1273 1076 1347 1155 203

349 1276 559 1359 ‚humanae
581 1269 652 1347 elle
673 1275 1035 1447 oriffiniaprobaret,
1082 1295 1161 1349 tum
1182 1287 1220 1347 vt
1243 1301 1350 1375 proe-
1451 1318 1456 1335 ·

377 1382 494 1476 ceptis
509 1373 719 1449 suisfidese
747 1396 909 1477 eratque
922 1380 1133 1453 auctoritas.
1181 1375 1350 1459 Nametli
1460 1396 1463 1401 '

376 1481 513 1565 omnia,
541 1500 638 1578 quae
651 1500 696 1549 eo
710 1493 879 1579 tempore
889 1497 1019 1554 contra
1035 1477 1352 1553 solemnemnatu«

377 1602 441 1650 rae
451 1602 593 1649 morem
606 1577 835 1668 acciderunt,
852 1576 965 1653 causis
975 1576 1141 1678 physicis,
1167 1600 1204 1655 et
1213 1580 1357 1655 viribus.

377 1674 681 1769 naturaeiisdent,
696 1677 831 1778 quibus
841 1680 1354 1783 quotidianaproceduntmi

378 1778 504 1852 rocula
541 1782 664 1879 (quae
696 1780 849 1880 quidem
881 1779 1128 1856 nobilioribus
1165 1780 1352 1859 mentibt'rs
1527 1858 1538 1879 ,

378 1878 478 1969 lunt,
513 1902 591 1955 non
626 1877 746 1979 plebis
771 1879 946 1957 coecitati
973 1874 1098 1983 atque¹
1117 1882 1354 1975 vecordiae),
1412 1902 1415 1907 ·

320 1994 326 2009 ·
377 1999 551 2080 promota
570 1976 659 2069 elle,
698 2006 778 2055 non
794 1980 1091 2057 addubitandum
1113 1980 1177 2063 fitz
1215 2002 1352 2071 tamen,

377 2105 456 2181 quo
473 2084 605 2155 virium
616 2082 874 2159 moderamine
889 2102 1064 2185 promota
1082 2079 1169 2173 sint,
1204 2108 1278 2188 qua
1295 2087 1355 2155 via

378 2208 423 2257 ac
439 2185 600 2284 ratione,
628 2208 695 2257 cur
710 2208 759 2257 eo
775 2203 964 2285 tempore,
992 2206 1119 2287 neque
1142 2182 1266 2289 postea
1290 2202 1355 2257 aut

379 2300 467 2356 ante
485 2287 701 2374 euenerint,
724 2290 790 2385 qui
803 2284 951 2383 gloriari
964 2280 1099 2383 polltt,
1123 2283 1161 2363 le
1176 2280 1357 2361 inuenille

379 2410 425 2459 ac
444 2402 587 2457 certum
598 2383 757 2475 habere,
793 2390 823 2458 is
839 2410 995 2483 magnus
1011 2383 1102 2457 mihi
1117 2385 1256 2491 Apollo
1272 2388 1366 2463 erit..

339 2498 343 2505 '
380 2488 509 2580 Quare
525 2484 784 2561 imbecillitatis
797 2490 931 2558 mentis
948 2483 1093 2559 nostrae
1113 2484 1251 2563 conlcii
1266 2483 1359 2561 late·

381 2609 506 2673 amur,
536 2583 681 2659 neeess'e
697 2584 762 2675 est,
793 2587 911 2658 videri
921 2584 1031 2658 nobis
1046 2612 1133 2661 vere
1146 2612 1191 2664 ea
1205 2584 1277 2661 elle
1291 2588 1358 2659 mi-

381 2683 531 2773 racula,
555 2683 742 2783 singulari
761 2686 887 2789 aliqua
902 2686 964 2763 dei
977 2685 1187 2778 voluntate,
1221 2686 1358 2763 viribus

382 2805 538 2858 naturae
557 2810 604 2858 eo
621 2790 790 2877 directis,
844 2806 883 2860 et
905 2785 1007 2887 qnasi
1029 2793 1191 2881 coactio,
1240 2788 1360 2876 eorm

386 2904 487 2959 certe
507 2890 695 2959 neminem
716 2887 802 2963 talia
818 2885 923 2963 fateri
943 2888 1107 2988 pudeat,
1157 2908 1360 2995 antequam

386 2984 573 3059 nobiliora
597 3004 635 3060 et
655 2992 822 3063 acutiora
845 2993 994 3087 ingenia
1011 2994 1218 3080 extiterint,
1262 3013 1362 3093 quae

388 3084 512 3161 caulas
531 3112 702 3180 arcanas,
738 3110 775 3163 et
792 3116 813 3165 a
829 3094 982 3167 nemine
998 3090 1124 3165 adhuc
1139 3088 1361 3191 perspectas,

385 3187 623 3288 inuel'tigent,
671 3186 903 3287 inuestigatas
929 3191 1128 3268 nobiscum
1157 3195 1364 3267 commuui-

388 3308 526 3363 contet
543 3289 747 3391 diuulgent.
791 3289 867 3367 Nisi
881 3289 980 3367 forte
990 3292 1190 3394 placuerit,
1216 3292 1368 3368 Bardin-

386 3416 437 3464 na
453 3388 653 3483 methodo,
698 3418 795 3498 quae
811 3391 922 3469 nostri
939 3414 1014 3468 tem
1043 3399 1117 3467 oris
1129 3393 1272 3471 lenitati
1286 3412 1364 3468 tan·

388 3511 521 3592 topere
542 3494 699 3585 arridet,
732 3500 858 3569 omnia
876 3498 993 3569 mirac
1033 3520 1076 3583 a,
1109 3492 1365 3597 quaesiuerit-

388 3590 468 3666 stmi
479 3592 649 3669 homines
667 3601 869 3669 memoriae
881 3596 1149 3697 prodiderunt,
1172 3620 1246 3667 vno
1259 3590 1365 3668 verst-
1429 3620 1441 3643 κ

392 3692 479 3768 culo
510 3695 651 3769 tollere.
715 3696 798 3771 Alia
828 3721 918 3769 vero
951 3714 1149 3769 narrantur
1175 3694 1364 3786 iniracula,

392 3812 524 3893 qnae,
569 3793 766 3871 stonobis
838 3794 960 3871 nostra
977 3800 1189 3871 animorum
1209 3794 1364 3885 cultura,
1444 3810 1452 3819 '

391 3893 574 3968 hodierna
596 3924 719 3971 rerum
766 3852 906 3986 lorma,
942 3917 980 3969 et
998 3894 1202 3970 studiorum
1219 3901 1367 3969 artium-

391 4020 467 4096 que
483 3995 693 4098 frequentia
710 3994 963 4074 animaduerso
980 3994 1112 4088 ellent,
1140 4001 1227 4098 quia
1245 3996 1367 4072 caulas

393 4121 523 4171 eorum
538 4099 623 4211 pers
646 4122 745 4177 ectas
758 4099 919 4173 habituri
933 4095 1106 4188 ellemus,
1136 4123 1288 4189 vereor,
1318 4117 1377 4186 vt,-

392 4222 479 4271 vere
498 4198 569 4273 elle
582 4126 679 4290 talia,
708 4207 907 4303 quisquam
921 4197 1167 4272 existimaret·
1200 4202 1263 4272 De
1276 4203 1370 4271 eius·

392 4300 497 4371 modi
517 4304 629 4398 igitur
645 4298 852 4390 miraculis,
877 4325 976 4401 quae
993 4299 1041 4371 ad
1056 4299 1208 4372 alteram
1225 4296 1368 4373 claffem

393 4398 515 4474 refero
531 4454 540 4490 ‚
560 4425 605 4473 ea
622 4400 731 4474 nobis
745 4400 810 4477 stet
826 4402 1022 4489 sementia,
1049 4397 1151 4498 poss'e
1167 4417 1311 4473 tantum
1324 4422 1368 4471 ea

393 4505 432 4571 in
458 4522 561 4576 certo
586 4501 712 4604 aliquo
734 4502 896 4602 popttlo',
943 4520 1045 4575 certo
1068 4525 1193 4573 rerum
1214 4496 1306 4572 statu
1323 4522 1400 4604 ac,

395 4599 534 4693 forma,
578 4624 680 4677 certo
699 4608 935 4701 ingeniorum
956 4600 1079 4689 cultu,
1110 4601 1195 4675 .hoc
1215 4601 1370 4671 nomine

395 4709 543 4793 renire3
586 4722 645 4795 at,
685 4698 773 4779 stab
793 4703 867 4776 alio
883 4699 1055 4801 populo,
1098 4699 1171 4772 alio
1188 4718 1367 4796 tempore,
1576 4776 1586 4791 ,

1295 4823 1370 4871 me·
