3909 5792
872 988 1094 1049 ΞΕ
1421 994 1471 1081 45

489 1178 688 1280 -iu'dicarei
742 1190 822 1265 Cur
844 1189 891 1262 ab
920 1187 1000 1263 aliis
1019 1193 1072 1265 ait
1087 1190 1124 1266 ie
1147 1190 1273 1271 vidilie
1292 1192 1471 1299 probari?

483 1308 605 1412 ‘Quae
635 1295 740 1371 addit
770 1291 926 1365 deinde:
967 1298 1008 1364 'vt
1034 1298 1093 1367 ad
1114 1313 1288 1369 veterum
1298 1297 1471 1400 senpec-

493 1424 584 1479 rum
598 1400 764 1473 laudem
772 1398 1059 1494 peruenirent,
1083 1420 1163 1479 non
1181 1397 1222 1471 id
1243 1397 1408 1498 spectare
1419 1403 1471 1473 vi·

484 1504 653 1596 dentur,
689 1518 730 1574 vt
753 1521 904 1586 eorum,
956 1519 1056 1597 quae
1071 1516 1187 1598 poeta
1209 1506 1368 1600 cogitate
1389 1500 1472 1578 scri-

487 1594 639 1782 ῒῦΠετ,
656 1601 851 1704 *pretium
872 1606 1062 1698 magnum'
1075 1595 1181 1673 tuitte
1209 1601 1470 1703 intelligamus,

484 1722 490 1733 “
512 1708 561 1781 ed
572 1700 831 1781 celebritatem
857 1724 903 1775 ac
920 1697 1075 1789 famam}
1108 1724 1240 1774 nonne
1262 1726 1351 1776 vero
1369 1702 1472 1781 fama

483 1816 533 1887 'et
548 1804 743 1885 celebritas
772 1826 795 1874 a
828 1797 978 1875 fortuna
1005 1804 1164 1905 eiusque
1185 1800 1349 1876 ludibrio
1375 1829 1471 1905 pen-

483 1908 586 1987 'de'ti
631 1909 795 2006 Quoties
815 1905 1048 2005 ignorantia,
1077 1930 1160 1979 mos
1183 1902 1313 1995 seculi,
1347 1903 1470 1981 sentus

483 2016 578 2091 ‘veri
597 2026 815 2110 corruptus,
842 2002 951 2080 causa
966 2003 1089 2080 famae
1115 2005 1183 2098 est,
1207 2028 1320 2108 quem
1337 2006 1483 2109 vulgus,

482 2110 660 2219 'ignobile
684 2107 902 2183 moderatur
933 2126 970 2181 et
998 2105 1135 2208 auget?
1189 2110 1247 2181 Ex
1268 2105 1343 2182 hoc
1364 2132 1468 2209 ergo,

487 2214 600 2321 iquod
618 2208 781 2315 ¹probata
798 2205 938 2283 fuerint
952 2208 1113 2284 Archiae
1125 2207 1191 2286 scri
1220 2228 1275 2300 ta,
1303 2228 1341 2282 et
1354 2207 1471 2283 inad-

485 2320 692 2393 'miran'one
716 2309 842 2384 habita
854 2365 865 2400 ,
909 2329 950 2383 vt
969 2336 1059 2386 cum
1082 2236 1268 2385 vetet-ihus
1289 2308 1356 2385 ren·
1384 2312 1471 2384 tori·

485 2418 564 2493 'bus
583 2417 632 2490 de
659 2411 760 2486 fama
773 2415 968 2583 fotuerint
992 2430 1230 2501 concertare,
1249 2436 1333 2485 non
1352 2336 1471 2519 Equi·

493 2541 554 2595 tur
571 2514 676 2604 illud,
697 2532 737 2586 vt
754 2516 957 2610 eegantia,
983 2515 1124 2600 nitore,
1149 2508 1380 2613 [implicitae
1423 2516 1470 2586 rt·

492 2622 591 2697 stinis
606 2619 709 2716 paria
730 2610 899 2686 suarinas
933 2614 1011 2685 Cur
1032 2614 1167 2685 Cicero
1183 2617 1296 2686 etiam
1316 2538 1471 2689 adtnher

490 2726 677 2797 incertum
704 2710 821 2785 illud:
847 2708 1084 2814 smfflffet,
1125 2732 1165 2787 vt
1193 2737 1342 2806 eornm,
1368 2738 1468 2817 quoa

488 2816 654 2925 probare
669 2812 749 2888 vult
770 2813 932 2889 Archiae
950 2816 1133 2905 carmina,
1156 2816 1298 2892 iudicio
1316 2815 1466 2908 tribuat,

490 2943 558 2996 eos
587 2940 657 3017 pro
693 2932 869 2990 accurate
901 2932 941 2990 et
970 2919 1133 3089 cogitate
1162 2914 1302 3019 scriptis
1331 2940 1376 2992 ea
1402 2916 1468 2992 ha·

487 3015 621 3109 buiffe,
652 3041 732 3089 non
754 3012 853 3117 ipse,
886 3014 951 3090 suo
973 3020 1013 3089 iu
1041 3019 1115 3091 icio
1132 3024 1187 3092 rei
1206 3023 1468 3095 auctoritatem

490 3118 687 3209 conciliet,
701 3116 863 3211 dicens,
909 3116 1154 3220 scripfirat,
1202 3119 1263 3194 vel
1273 3117 1466 3222 scripsit?

484 3228 627 3302 Nonne
642 3217 761 3294 studio
778 3222 830 3293 ita
847 3218 996 3295 videtur
1008 3217 1144 3311 feciiie,
1159 3239 1199 3306 rjt
1211 3225 1348 3315 omnia,
1368 3246 1470 3325 quae

488 3333 530 3403 in
561 3321 720 3405 Archiae
744 3319 898 3395 laudem
924 3319 1131 3423 proferret,
1173 3320 1332 3399 aliorum
1349 3329 1469 3425 magis

489 3431 711 3531 opinionem
731 3425 1000 3524 exprimerent,
1029 3448 1161 3527 quarn,
1180 3431 1307 3527 quaei
1337 3423 1373 3500 se
1390 3425 1470 3500 sert·

487 3524 599 3605 siret?
623 3528 720 3629 Nam
741 3521 899 3597 fiverba
916 3548 1130 3626 vrgeamus,
1148 3606 1154 3623 ,
1170 3544 1209 3600 et
1260 3551 1282 3598 a
1323 3550 1347 3599 o
1374 3524 1466 3601 libe·

485 3636 564 3706 rius
582 3624 942 3717 circumscribamus,
987 3652 1032 3701 ea
1048 3650 1146 3731 quae
1159 3552 1318 3703 Archiae
1333 3623 1467 3701 laudes

487 3729 664 3807 ittutmre
684 3729 932 3829 reperiuntur,
956 3727 1035 3804 huc
1056 3729 1236 3804 redeunt:
1266 3728 1381 3825 Quae
1390 3752 1468 3831 pu·

488 3832 659 3909 sabatur
679 3846 875 3903 accurate
900 3847 941 3904 et
972 3837 1155 3935 cogitate
1170 3821 1385 3931 scnpfiffm
1412 3854 1466 3903 ea

476 3935 540 4036 fic
561 3934 652 4006 vidi
667 3929 864 4032 probari,
912 3951 962 4005 oc
984 3936 1128 4006 eadem
1146 3932 1243 4030 fere
1259 3930 1385 4004 laude
1404 3956 1468 4004 ors

486 4050 712 4113 narentur,
767 4025 846 4105 'ua
875 4050 1023 4107 veteres
1039 4032 1128 4131 scri
1153 4050 1261 4106 tores
1296 4032 1466 4107 excelle·

486 4138 600 4212 bant.
670 4133 746 4207 Sed
762 4059 860 4208 haec
883 4141 958 4209 iam
976 4140 1016 4207 in
1047 4060 1173 4208 medio
1195 4132 1465 4236 relinquamus,

485 4260 605 4340 vsque
630 4234 722 4308 dum
753 4235 991 4309 commodior
1013 4232 1061 4311 de
1076 4238 1120 4309 iis'
1141 4234 1294 4309 dicendi
1319 4235 1466 4314 oceaho

484 4338 614 4428 faede
652 4334 843 4407 videamus
870 4341 1020 4432 potius,
1051 4359 1150 4439 quae
1170 4362 1218 4411 ex
1242 4336 1382 4441 scriptia
1398 4342 1464 4412 Ar-

485 4438 593 4511 chiae
608 4435 657 4509 ad
673 4430 831 4507 nostram
848 4441 1020 4509 notitiam
1031 4443 1285 4540 peruenerint.
1336 4444 1463 4515 Primo

482 4536 572 4613 loco
601 4530 932 4613 commemoranda
951 4536 1033 4612 sunt
1051 4539 1129 4617 duo
1160 4545 1363 4616 mantuae
1389 4539 1462 4627 ica,

482 4634 640 4713 alterum
657 4632 833 4711 debello
855 4631 1082 4719 Cimbrico,
1107 4640 1265 4717 alterum
1280 4638 1365 4808 dds
1378 4633 1462 4807 {Ilo

1349 4750 1382 4808 tt
1408 4760 1460 4810 Π·
