3909 5792
633 538 707 618 124
1025 562 1222 581 --·-

631 752 714 811 tum
733 733 834 803 enim
854 723 993 829 pristini
1010 727 1161 803 roboris.
1172 722 1326 821 residet,
1353 726 1459 829 quod
1478 732 1617 815 exerci-

631 836 725 905 tatio
757 850 795 903 et
830 834 1075 930 temperantia
1108 828 1354 907 conseruauit.
1431 828 1616 904 Somnum

631 930 754 1039 potest
770 930 888 1005 oculis
908 928 1139 1029 abstergere,
1184 956 1257 1006 nec
1272 928 1482 1003 verendum
1497 935 1534 1005 ei
1554 930 1614 1023 est,

631 1060 686 1115 ue
701 1032 749 1111 ad
773 1058 831 1105 res
854 1026 1006 1107 bellicas
1023 1052 1061 1104 et
1077 1032 1183 1108 ducis
1204 1029 1326 1106 officia
1345 1029 1525 1106 obeunda
1545 1051 1616 1107 tar-

631 1136 704 1225 dus
718 1133 896 1206 reddatur
909 1153 1023 1233 atque
1036 1138 1100 1206 ine
1128 1154 1204 1223 tus;
1224 1131 1386 1234 pedibus
1401 1132 1516 1207 castra
1532 1160 1617 1235 per·

632 1240 771 1324 currit,
822 1258 900 1306 non
914 1234 1078 1309 interdiu
1091 1161 1230 1329 (glum,
1273 1230 1467 1307 sedetiam
1484 1254 1616 1327 noctu,

630 1342 707 1417 meio
719 1360 884 1433 vnquam
899 1339 938 1410 in
956 1332 1126 1434 querelas
1139 1354 1295 1435 propter
1309 1331 1632 1431 defatigationem·

512 1508 515 1515 .
634 1440 809 1537 erumpit.
860 1440 990 1536 E'quos
1017 1454 1054 1509 et
1074 1462 1203 1511 currus
1229 1434 1362 1509 eadem
1384 1435 1547 1533 agilitate
1569 1461 1618 1512 uc

634 1537 826 1623 celeritate
837 1544 941 1636 regit,
995 1562 1042 1609 ua
1056 1535 1117 1609 alii
1127 1536 1276 1625 heroes,
1301 1539 1505 1609 iuuentutis
1517 1536 1617 1609 flore

632 1639 860 1738 gaudentes3
895 1564 1007 1745 qaid,
1034 1638 1139 1745 quod
1153 1658 1282 1715 contra
1295 1639 1517 1725 Hectorem,
1543 1654 1616 1709 ter

632 1738 782 1819 ribilern
798 1738 972 1829 heroem,
1000 1740 1127 1839 egredi
1149 1765 1229 1815 nou
1248 1734 1418 1813 dubitat?
1454 1737 1614 1837 Saepius

632 1840 791 1943 quidem
804 1866 882 1916 non
894 1838 1038 1943 potest,
1090 1846 1182 1943 quia
1193 1842 1477 1943 praeteritorum
1496 1863 1614 1911 anno·

632 1964 718 2014 rum
738 1945 922 2038 vigorem,
962 1964 1000 2015 et
1017 1940 1207 2043 pristinum
1227 1943 1394 2049 corporis
1414 1938 1530 2017 rohor
1545 1934 1614 2011 fibi

610 2075 612 2078 ·
634 2060 791 2140 exoptet
807 2046 861 2133 *);
896 2062 1094 2122 attentum
1111 2043 1228 2141 abest,
1244 2063 1284 2117 vt
1301 2041 1381 2119 vilis
1394 2060 1509 2142 atque
1524 2065 1616 2115 con·

633 2160 751 2221 temta
771 2142 865 2217 haec
878 2168 952 2217 vox
967 2143 1143 2221 habenda
1158 2143 1218 2243 stt,
1260 2163 1299 2219 vt
1310 2142 1462 2225 Milonis
1483 2148 1615 2218 Croto·

633 2248 760 2321 niatae
772 2298 789 2335 ,p
809 2249 911 2335 eius,
945 2250 1012 2346 qui
1028 2273 1107 2328 nun
1137 2273 1225 2321 uam
1238 2270 1286 2319 ex
1297 2244 1354 2335 fe,
1376 2242 1443 2325 sed
1463 2268 1510 2316 ex
1525 2242 1616 2316 late·

633 2343 738 2417 tibus
761 2364 799 2418 et
820 2344 966 2425 lacertis
986 2346 1055 2421 suis
1073 2375 1124 2421 no
1152 2346 1290 2427 ilitatua
1313 2364 1412 2439 erat,
1445 2364 1483 2419 et
1499 2369 1617 2445 quum

633 2444 748 2525 senen
761 2446 915 2527 athletas
928 2452 967 2519 in
982 2448 1169 2529 curriculo
1187 2448 1221 2522 se
1230 2467 1446 2525 exercentes
1462 2450 1616 2533 videret,

632 2546 868 2641 illacrymans
886 2548 1123 2652 lacertosque
1135 2550 1342 2653 adspiciens
1357 2548 1466 2623 dixit:
1497 2549 1559 2619 At
1574 2546 1619 2617 la·

632 2654 721 2721 iam
733 2656 883 2727 mortui
884 2650 997 2745 fruet.
1050 2658 1293 2759 Quamquam
1305 2653 1404 2728 euim
1417 2646 1550 2721 nobilis
1565 2645 1617 2720 se·

632 2773 711 2823 nex
738 2749 812 2823 sem
842 2776 882 2826 er
898 2750 1037 2843 habet,
1113 2778 1164 2825 uo
1192 2756 1324 2831 virium
1351 2748 1615 2837 defectionem,

632 2876 716 2930 non
739 2776 1244 2933 adodescentiaelibidinoiae
1269 2872 1307 2927 et
1333 2854 1617 2951 intemperantis

632 2957 754 3048 vitiis,
808 2952 871 3033 ted
890 2952 1087 3034 senectutis
1103 2973 1140 3031 et
1154 2952 1261 3032 eursu
1272 2971 1436 3029 aetatum
1455 2948 1615 3023 naturali

632 3054 827 3145 effectam,
859 3056 1097 3156 compenset,
1124 3057 1379 3155 prudentiam,
1406 3048 1614 3143 consdium,

632 3180 760 3229 rerum
790 3158 986 3259 peritiam:
1028 3178 1154 3233 tamea
1183 3156 1371 3236 interdum
1399 3155 1506 3228 aliter
1532 3178 1614 3226 non

630 3256 771 3356 potest,
799 3282 916 3358 quum
932 3278 1009 3331 tarn
1024 3258 1192 3337 timidam
1209 3258 1310 3331 videt
1322 3278 1360 3332 et
1371 3261 1546 3357 ignauam
1559 3259 1615 3326 iu·

632 3376 844 3450 veritatem,
862 3360 1060 3463 multoque
1070 3364 1291 3461 nequiorem
1304 3359 1483 3449 damma,
1501 3382 1614 3457 quam

630 3478 672 3531 vt
687 3465 815 3533 animo
829 3463 1045 3562 indignetur
1063 3482 1100 3535 et
1113 3480 1238 3561 optet,
1263 3482 1303 3535 vt
1315 3465 1533 3563 praeteritos
1547 3455 1614 3531 fibi

629 3585 751 3633 annos
769 3566 912 3663 Iupiter
927 3562 1081 3651 referat3
1105 3564 1336 3663 praesertim,
1363 3588 1480 3664 quum
1497 3558 1615 3635 multa

628 3657 707 3735 stne
724 3687 790 3735 cor
819 3669 890 3739 oris
906 3664 1045 3739 viribus
1064 3688 1102 3739 et
1114 3664 1254 3737 robore
1266 3662 1522 3738 membrorum
1535 3664 1613 3759 geri

741 3690 815 3836 ossPe
839 3766 1030 3864 intelligat.
1105 3766 1172 3855 At,
1218 3792 1310 3867 quas
1338 3764 1508 3838 [enectus
1532 3767 1646 3834 non·

629 3786 692 3833 vix

625 3790 747 3951 modo
761 3890 841 3957 non
854 3870 1007 3957 minuit,
1036 3864 1099 3940 sed
1112 3871 1232 3957 auxit,
1259 3871 1353 3939 vires
1368 3868 1483 3937 airiini
1497 3880 1614 4035 atpue

628 3966 797 4066 ingenii,
851 3992 965 4069 quam
997 3966 1214 4068 praeclarae
1241 3971 1283 4041 in
1318 3992 1366 4041 eo
1400 3966 1484 4041 sunt
1512 3962 1611 4053 ilae,

1361 4130 1368 4149 ,
1484 4088 1615 4165 quani-

671 4278 711 4367 ¹²)
732 4261 881 4357 Iliadd,
902 4281 976 4369 3¹9·
999 4298 1041 4357 η,
1067 4282 1138 4349 133.
1153 4278 1230 4347 coll.
1249 4280 1321 4369 157.
1342 4278 1391 4355 λ,
1411 4282 1534 4371 coner
1546 4302 1575 4347 a.
1588 4278 1612 4356 1.
1641 4318 1644 4331 ·
