3909 5792
2224 1094 2615 1125 1

1429 1314 1830 1403 praetextu
1853 1348 1874 1385 ,
1921 1312 2005 1367 vt
2048 1282 2668 1375 Ariobarzanem,
2722 1284 3257 1387 Cappadociae
3294 1312 3406 1363 re-

1429 1426 1600 1499 gem
1634 1453 1652 1488 ,
1747 1402 2074 1469 amicum
2128 1414 2202 1468 et
2260 1392 2535 1467 socium
2594 1392 2675 1460 P.
2722 1392 2809 1460 R.
2852 1416 2894 1459 a
2946 1388 3406 1465 Mithradate

1429 1522 1856 1673 ffiffniaffexp
1863 1494 3143 1670 fflsssffu'ig‘Ifssissffi‘eissdsstssiiiemgt
3158 1496 3406 1669 *Z‘eM-l}

1435 1626 2175 1775 suiadomixttilaltionem
2202 1701 2429 1769 nimio
2464 1693 2633 1799 plus
2676 1646 3114 1793 augentem,
3168 1622 3406 1797 quim

1437 1798 1602 1877 satis
1645 1820 1890 1874 tutum
1929 1798 2103 1874 ess'et
2156 1796 2433 1872 accolis
2466 1850 2487 1887 ,
2573 1798 3010 1895 reprimeret
3054 1822 3145 1871 ac
3190 1822 3406 1871 coer-

1439 1922 1666 1977 ceret.
1771 1905 1952 1999 Quo
1998 1926 2233 2002 quum
2277 1898 2483 1973 Sulla
2528 1922 2803 1996 paucas
2860 1902 3116 1996 copias
3152 1898 3406 1973 duxis-

1436 2002 1578 2092 set,
1633 2021 1884 2075 tamen
1927 2001 2293 2075 sociorum
2339 1998 2648 2087 auxiliO,
2702 1997 2949 2071 multis
2998 2000 3406 2099 Cappado-

1437 2128 1616 2181 cum
1669 2107 2399 2203 Armeniorumque,
2496 2106 2627 2200 qui
2678 2097 2845 2171 illos
2910 2098 3403 2191 adiuuabant,

1437 2202 1699 2292 caelis,
1801 2222 1876 2276 et
1929 2204 2221 2276 Gordio
2256 2228 2345 2275 ac
2390 2200 2545 2273 filio
2578 2200 3041 2275 Mithradatis
3088 2200 3397 2303 expulso

1437 2302 1730 2395 (lustin.
1786 2308 2223 2394 XXXVIII,
2290 2310 2437 2395 n),
2510 2302 3089 2377 Ariobarzanem
3144 2328 3406 2403 regem

1439 2403 1814 2481 constituit
1895 2406 2100 2497 (vid.
2166 2408 2489 2505 Appian.
2564 2404 2912 2475 Mithrad.
2972 2430 3045 2503 p.
3118 2412 3281 2501 176.
3322 2424 3406 2479 et

1437 2508 1611 2581 208.
1664 2506 2017 2581 Plutarch
2058 2506 2240 2581 Sull.
2282 2532 2357 2609 p.
2400 2506 2571 2589 453.
2672 2508 2827 2579 Dio
2863 2502 3045 2578 Gaff.
3082 2506 3175 2577 T.
3222 2510 3280 2579 Ι.
3316 2532 3406 2607 p.

1437 2632 1562 2705 72.
1609 2612 1849 2683 Reim.
1893 2612 2083 2681 Liuii
2126 2612 2323 2711 Epit.
2370 2610 2671 2699 Lxx.)
2744 2604 2951 2679 Bello
3000 2604 3265 2681 Italico
3300 2606 3406 2681 ab

1433 2732 1505 2780 ιι.
1547 2711 1718 2795 664.
1763 2734 2003 2810 vsque
2032 2710 2129 2791 ad
2182 2736 2248 2783 a.
2298 2710 2465 2783 666.
2533 2712 2733 2781 vatia
2784 2704 3087 2780 fortuna
3134 2728 3211 2781 et
3245 2734 3406 2783 ma-

1433 2813 1598 2909 gnis
1645 2810 1985 2911 cladibus
2024 2806 2125 2883 'ab
2177 2832 2490 2913 vti-aque
2540 2828 2750 2909 parte
2796 2812 3120 2908 acceptis
3168 2808 3406 2907 gesto,

1434 2912 1577 2985 Cn.
1639 2914 2012 3012 Pompeio
2064 2912 2437 2986 Strabone
2506 2934 2579 2983 et
2629 2915 2710 2984 L.
2762 2914 3035 2984 Porcio
3100 2912 3406 2989 Catone

1433 3008 1628 3087 Goss'.
1665 3040 1731 3087 a.
1784 3014 1954 3088 665.
2008 3013 2335 3107 legatae,
2391 3019 2807 3113 praetoriae
2840 3012 3213 3107 dignitatis
3262 3020 3401 3106 vir,

1429 3110 1723 3189 strenue
1773 3140 1932 3189 rem
1991 3094 2229 3217 gelra,
2280 3120 2676 3215 variosque
2678 3110 3085 3287 flfopuIOS,
3138 3132 3219 3187 vt
3260 3116 3401 3191 Sa-

1427 3220 1701 3289 mnites
1745 3238 1822 3290 et
1853 3218 2249 3318 Hirpinos,
2297 3216 2622 3306 domuit,
2749 3219 2861 3285 ios
2906 3218 2983 3285 in
3020 3212 3251 3287 fidem
3276 3242 3403 3293 re—

1431 3322 1634 3419 cepit
1674 3326 1788 3408 (v.
1827 3322 2019 3391 Liuii
2056 3322 2253 3419 Epit.
2302 3320 2600 3391 LXXV.
2660 3338 2733 3387 et
2764 3314 3135 3392 Plutarch.
3172 3316 3223 3391 l.
3260 3324 3389 3413 0.),

1417 3420 1748 3503 'Romam
1788 3421 1972 3494 inde
2027 3418 2396 3508 reuersuS‚
2452 3444 2685 3518 quum
2725 3440 2973 3491 rerum
3022 3416 3397 3519 gestarum

1425 3518 1656 3621 gloria
1708 3546 1884 3613 eum
1946 3518 2402 3620 praeiuiss'et,
2488 3518 2745 3592 consul
2795 3544 2966 3591 cum
3022 3530 3119 3617 Q.
3162 3526 3393 3595 Pom-

1421 3626 1598 3722 peio
1653 3620 1853 3693 Rufo
1908 3639 2199 3694 creatus
2257 3619 2354 3691 est
2422 3644 2661 3693 annos
2715 3639 2929 3692 natus
2976 3624 3057 3693 L.
3093 3626 3171 3693 in
3220 3648 3383 3723 quo

1423 3719 1808 3797 consulatu
1869 3723 1984 3810 (a.
2018 3722 2245 3811 666.)
2316 3718 2550 3794 Italici
2596 3721 2770 3795 belli
2818 3721 3165 3822 reliquias
3198 3747 3385 3799 con-

1418 3818 1633 3909 fecit3
1688 3845 1889 3893 anno
1927 3844 2106 3893 vero
2147 3819 2499 3921 sequente
2532 3825 2793 3920 (667.)
2820 3822 3137 3897 Lucullo
3162 3850 3383 3925 prae·

1415 3920 1624 3995 miss‘o
1653 3976 1671 4010 ,
1735 3924 1866 4027 qui
1901 3917 2031 3992 fibi
2080 3918 2575 3995 Alexandriae
2613 3949 2867 4025 regem
2912 3922 3377 4019 conciliaret,

1413 4042 1490 4095 et
1527 4018 1820 4095 class‘em
1857 4024 1935 4091 in
1978 4026 2319 4123 Aegypto
2359 4046 2434 4097 et
2460 4050 2599 4123 per
2626 4026 2836 4098 Aliae
2880 4031 3215 4101 ciuitates
3246 4054 3381 4103 co-

1407 4126 1654 4223 geret,
1701 4126 1781 4194 in
1817 4124 2248 4214 Graeciam,
2303 4126 2399 4198 ad
2440 4125 2721 4200 bellum
2760 4125 3377 4205 Mithradaticum

1459 4224 1751 4308 rimum,
1793 4221 2180 4323 profectus
2216 4226 2335 4301 est.
2443 4225 3143 4327 Contemplantibus
3172 4228 3379 4307 hanc

1401 4248 1714 4396 grauem
1789 4346 2041 4397 rerum
2098 4354 2141 4399 a
2184 4327 2391 4399 Sulla
2452 4355 2692 4429 vsque
2738 4329 2836 4402 ad
2904 4326 3375 4409 consulatum

1403 4422 1760 4525 gestarumi
1801 4421 2423 4517 delineationem,
2478 4429 3152 4531 cogitantibusque,
3208 4458 3373 4533 quo

1401 4522 1566 4599 casu
1606 4522 1963 4599 Lucullus
1993 4547 2168 4600 ante
2210 4554 2275 4599 a.
2324 4530 2494 4604 665.
2542 4537 2621 4604 in
2664 4529 3001 4603 Ciliciam
3046 4530 3373 4628 delatus,

1399 4647 1476 4699 et
1511 4625 1690 4700 inde
1741 4624 2075 4700 reuersus
2130 4626 2274 4703 esse
2309 4637 2672 4729 potuerit,
2742 4630 2929 4705 nihil
2968 4636 3125 4707 veri
3156 4634 3375 4713 vide-

1392 4749 1513 4801 rur
1549 4724 1696 4803 effe
1739 4724 2041 4805 fimssius
2067 4784 2089 4821 ‚
2142 4756 2375 4833 quarn
2406 4732 2973 4811 adolescentem
3000 4758 3199 4829 eum,
3252 4740 3375 4817 -iu-

3124 4843 3367 4937 genio
