3909 5792
694 869 989 1003 ,τε-π
1277 832 1381 935 ’55

399 1060 540 1163 [pidem
560 1078 598 1131 et
609 1054 793 1143 Pratinam
815 1037 939 1148 sacio,
973 1084 1091 1163 quum
1111 1060 1175 1135 ille
1190 1082 1306 1135 vnum
1326 1068 1381 1135 in·

399 1152 669 1235 rerlocutor‘em
695 1158 971 1250 introduxisset,
1012 1158 1076 1235 hie
1104 1188 1194 1235 vero
1216 1164 1380 1257 chorum

397 1259 543 1338 iuffitiet
556 1256 657 1332 aliud
673 1259 833 1426 ‹Luoduis
848 1281 1109 1365 argumentum
1123 1289 1278 1355 canere,
1309 1271 1381 1345 sie·¹
1441 1278 1444 1283 '

398 1362 523 1456 schylo
543 1361 684 1432 admira
710 1357 766 1431 ilis
785 1365 925 1458 ingenii
942 1366 1019 1433 viro
1038 1364 1142 1435 strata
1162 1369 1240 1436 imo
1261 1368 1380 1439 muni·

398 1484 437 1537 ta
454 1481 531 1535 erat
545 1467 604 1533 via
620 1459 669 1545 ad
683 1455 810 1541 felices
832 1461 913 1533 illos
937 1481 975 1534 et
988 1488 1183 1569 nunquam
1203 1464 1282 1537 satis
1303 1464 1381 1551 lau-

400 1565 544 1637 dandos
560 1578 738 1651 conatus,
781 1560 916 1661 quibus
931 1588 1002 1662 pro
1020 1590 1096 1637 vno
1111 1565 1381 1640 interlocutore

398 1667 495 1738 duos
516 1660 713 1748 substituit,
767 1662 936 1761 episodia
953 1689 1033 1745 nou
1050 1665 1098 1741 ad
1113 1686 1265 1756 cautus,
1317 1665 1380 1740 sed

399 1786 531 1840 cantus
551 1762 600 1835 ad
617 1761 786 1860 episodia
803 1765 1124 1855 uccomnrodauit,
1167 1767 1264 1839 adeo
1282 1787 1320 1839 vt
1338 1772 1379 1839 in

397 1862 1170 1965 hispoetaeiuprimisessetelaborandum.¹
1204 1866 1393 1956 Scenam,·

397 1992 498 2067 quae
520 1963 585 2039 sub
606 1962 668 2035 dio
685 1962 883 2068 hucusque
901 1963 1041 2055 suerat,
1075 1970 1114 2043 in
1129 1964 1378 2066 augustiorem
1397 2008 1405 2035 ,ι

394 2068 555 2142 sormam
572 2065 733 2163 redegit,
753 2100 765 2122 s
782 2068 899 2165 quum
916 2066 1025 2139 instar
1044 2072 1232 2166 mag'niiici
1251 2066 1378 2155 aedisra
1416 2078 1424 2095 '

399 2175 448 2244 cii
469 2168 654 2240 theatrum
670 2166 883 2238 exsinrxerit
904 2173 952 2258 i).
1014 2168 1161 2264 Quibus
1177 2170 1374 2242 conatibus

396 2271 459 2344 vbi
480 2267 677 2368 Sophoclis
701 2287 738 2339 et
753 2268 938 2367 Euripidis
962 2266 1118 2350 sollertia
1140 2268 1375 2342 successerat:
1474 2260 1477 2265 ’

389 2371 588 2471 'tragoedia
602 2368 650 2441 ad
666 2393 752 2453 eum
776 2369 958 2471 perducta
979 2370 1028 2443 est
1044 2368 1283 2468 perfectionis
1300 2396 1380 2469 gra·
1411 2372 1415 2381 '
1487 2423 1490 2431 ·
1591 2420 1595 2431 ·

396 2474 511 2560 dum,
555 2495 669 2570 quem
684 2470 745 2539 viri
768 2475 929 2569 primum
952 2470 1133 2559 deseruit,
1174 2471 1292 2555 rursus
1313 2470 1379 2551 sibi

395 2574 587 2645 vindicare
615 2594 688 2641 nec
713 2571 803 2659 <lum
826 2576 960 2740 futuit.
1016 2573 1148 2647 Omnis
1166 2577 1277 2672 igitur
1304 2590 1377 2644 tra-

396 2680 479 2779 gica
498 2674 730 2744 Graecorum
745 2696 821 2771 poe
836 2671 865 2743 is
885 2671 1010 2762 chori,
1036 2692 1075 2743 vt
1088 2674 1270 2762 vidimus,
1298 2672 1380 2744 sun·

398 2776 576 2846 dumento
590 2775 736 2858 nititnr3
757 2777 822 2873 qui
833 2828 842 2863 ,
864 2793 903 2845 vt
921 2793 1000 2845 erat
1022 2779 1111 2859 aruit
1129 2779 1211 2856 uior
1227 2772 1379 2874 reliquis

397 2874 612 2971 tragoediae
630 2871 817 2970 partibus,
852 2900 970 2974 quum
990 2879 1099 2959 etiam
1111 2803 1222 2963 haud
1239 2874 1380 2948 medio·
1455 2954 1457 2959 ,

289 2968 291 2973 ’
398 2981 451 3052 cri
470 2970 612 3055 assetus
638 2978 643 2989 '
660 3029 670 3064 ,
703 2973 782 3046 satia
802 2995 978 3076 apparet,
1014 2994 1132 3061 curvt
1149 3002 1235 3076 para
1253 3001 1381 3048 neces·
1478 3048 1481 3053 ,
1542 3002 1547 3009 ·

398 3080 490 3153 suria
513 3073 659 3178 semper
682 3077 873 3148 aGraeris
895 3072 1057 3149 seruatur
1078 3074 1131 3150 stt.
1207 3080 1312 3149 Prius
1329 3095 1382 3149 ta-
1440 3070 1446 3083 ’

396 3205 497 3266 men,
526 3174 701 3275 quam'od
716 3202 851 3270 munus
869 3185 948 3251 eius
967 3178 1251 3252 describendum
1265 3198 1381 3260 trans·

397 3279 626 3377 grediamur,
679 3276 920 3351 necessarium
941 3300 1058 3379 puto,
1108 3279 1210 3351 vtde
1227 3299 1380 3350 externa

398 3386 478 3459 aius
493 3377 614 3453 sorma
632 3378 829 3467 ethubitu,
880 3378 998 3481 qualis
1020 3380 1170 3471 euculta
1188 3370 1380 3480 tragoedia

304 3506 313 3529 ⁸
396 3478 528 3569 suerit,
550 3480 673 3578 [iauca
692 3479 816 3554 saitem
830 3480 998 3577 afferunt

497 3683 679 3780 Tragicus
693 3679 828 3755 chorus
846 3708 965 3785 rsque
983 3682 1030 3756 ad
1038 3680 1257 3776 Aeschylum
1272 3682 1380 3781 quin-

399 3786 579 3893 quaginta
592 3783 759 3888 personis
775 3781 1002 3875 constiterat,
1030 3782 1165 3884 quibus
1178 3781 1255 3883 ipse
1267 3783 1380 3855 etiam

397 3883 600 3977 Aeschylus
613 3884 694 3958 vsus
711 3902 788 3954 erat
801 3914 811 3972 ;
837 3883 899 3955 vbi
917 3906 1042 3979 autem
1057 3883 1285 3961 Eumenides
1301 3900 1379 3953 tam

299 4046 301 4055 r
397 3983 487 4069 tristi
503 3984 666 4069 successu
682 3984 864 4076 docuerat
881 3983 940 4081 k),
960 3982 1054 4059 iussu
1071 3983 1378 4103 magistratus-im-

1039 4124 1042 4129 ·
1068 4110 1071 4115 ’
1257 4107 1379 4159 mmu-
1420 4158 1423 4165 ,

425 4442 427 4447 ,
442 4378 481 4457 i>
501 4395 532 4529 ig
546 4368 713 4437 Aristotel.
729 4371 825 4441 Poet.
842 4392 912 4462 cap.
930 4370 986 4439 tv.
1001 4384 1036 4439 et
1050 4370 1175 4443 Amen.
1188 4365 1245 4435 lib.
1262 4364 1290 4443 h,
1301 4381 1375 4449 cap.

494 4484 505 4527 1
534 4508 542 4525 .
559 4484 592 4551 p.
606 4480 660 4524 ar.
680 4500 684 4510 -
1171 4524 1173 4531 ,

444 4600 484 4687 Α)
497 4596 565 4665 vid.
578 4592 696 4693 Poilux
710 4594 836 4662 Onom.
849 4592 906 4663 tv.
925 4594 996 4667 106·
1020 4616 1024 4625 ’
1077 4626 1081 4633 ’
