3909 5792
529 163 2550 584 υ

1292 684 1302 703 .
2415 688 2423 696 ι

1473 782 1504 811 ἱ

1391 1104 1395 1109 .
1493 1048 1896 1095 m
2520 1051 2671 1144 209'

701 1243 980 1346 ciplina
1011 1261 1300 1315 veteres
1341 1234 1727 1339 scriptores
1749 1246 2238 1347 interpretari,
2297 1264 2410 1336 et,
2467 1271 2667 1346 quae

699 1346 910 1447 apud
940 1369 1073 1417 eos
1099 1346 1105 1353 '
1134 1339 1230 1413 ad
1289 1362 1553 1413 eorum
1581 1341 1862 1421 sensum
1899 1362 1978 1417 et
2007 1345 2383 1444 cogitandi
2440 1354 2665 1423 ratio-

696 1472 876 1519 nem
916 1436 1343 1531 narrantur,
1414 1442 1511 1515 ad
1543 1467 1747 1534 eam,
1817 1469 2018 1545 quae
2054 1451 2135 1518 in
2170 1444 2489 1521 cultiore
2521 1474 2664 1549 po·

702 1547 890 1647 pulo
923 1542 1574 1634 animaduertitur,
1629 1546 2231 1622 accommodare.
2330 1549 2661 1649 Scripto-

695 1673 880 1735 rem,
985 1650 1060 1717 ui
1095 1644 1286 1716 haec
1315 1651 1724 1719 memoriae
1744 1647 2097 1747 ptodidit,
2155 1648 2251 1721 de
2288 1649 2657 1724 miraculo

697 1754 897 1846 cogit
1000 1774 1082 1834 e,
1134 1745 1214 1815 id
1256 1742 1487 1815 dnbio
1526 1766 1771 1831 caret3
1835 1745 2175 1849 alioquin
2219 1751 2661 1849 grandinem

677 1870 853 1923 -non
899 1843 1180 1920 dixisset
1208 1899 1228 1939 ,
1325 1830 1557 1925 ΝΒἮ
1597 1860 1861 1927 ΠὋἎΝ
1912 1849 2226 1948 lapides
2294 1878 2427 1923 ma
2489 1872 2657 1929 120³.

690 1951 1365 2049 Interpretisigitur
1406 1946 1503 2013 est
1531 1996 1549 2030 ,
1603 1945 1786 2016 illud
1837 1948 2194 2042 reddere,
2241 1978 2395 2052 quo
2498 1949 2661 2029 scri-

750 2070 869 2124 tor
920 2047 1211 2123 senserit
1229 2065 1305 2119 et
1341 2047 1595 2115 animo
1633 2053 1993 2143 cogitarit,
2033 2077 2213 2139 non,
2314 2050 2653 2143 uod¹scit,

721 2175 765 2225 e
792 2206 811 2241 ,
867 2149 916 2223 fi
957 2155 1065 2223 rei
1111 2142 1578 2241 intersuiss‘et,
1625 2152 2123 2245 cogitaturum
2158 2079 2329 2225 tuisf
2349 2183 2383 2222 ⁸.
2554 2157 2656 2229 At
2750 2200 2756 2217 ι

688 2250 1000 2327 obiiciat
1040 2254 1411 2355 quispiam
1443 2300 1463 2335 ,
1514 2245 1751 2346 ipsum
1787 2248 2217 2351 scriptorem
2248 2253 2414 2326 ilffoe
2462 2251 2655 2354 lapi-

689 2352 825 2427 des
858 2378 1167 2452 magnos
1214 2348 1441 2450 paulo
1494 2347 1944 2449 post'dicere
1990 2364 2478 2445 'nnn-³22&
2532 2355 2656 2427 la-

678 2459 914 2557 pides
945 2455 1395 2555 grandinis.
1498 2452 1758 2524 Recte.
1860 2457 1981 2526 An
2008 2474 2187 2523 vero
2228 2450 2380 2526 hoc
2437 2480 2645 2557 mpe-

689 2555 885 2645 diat,
966 2579 1124 2655 qno
1166 2558 1414 2627 minus
1459 2574 1676 2624 veros
1725 2550 2015 2652 lapides
2045 2605 2062 2637 ‚
2109 2551 2321 2625 caelo
2364 2552 2653 2648 lapsOS‚
2725 2559 2738 2574 '

580 2644 617 2693 s
691 2657 900 2731 credi
933 2681 978 2727 a
1022 2654 1376 2756 scriptore
1418 2650 1843 2725 censeamus
1876 2653 1912 2725 ⁶?
2011 2648 2533 2730 Enimua--ro'la
2596 2660 2651 2731 i-

691 2756 826 2830 des
875 2756 1250 2855 grandinis
1293 2751 1480 2826 nihil
1536 2751 1738 2825 aliud
1781 2753 1983 2847 sunt,
2083 2780 2313 2855 quam
2359 2684 2654 2858 lapides

687 2857 1051 2957 grandine
1090 2908 1110 2944 ,
1204 2854 1326 2929 vel
1391 2854 1765 2952 grandinis
1804 2854 2023 2930 instar
2078 2855 2293 2929 'caelo
2347 2858 2649 2950 deiecti,

687 2982 840 3058 qua
871 2954 1400 3057 significatione
1447 2959 1669 3027 etiam
1717 2954 1917 3030 Iesai.
1975 2959 2222 3045 XXX,
2270 2958 2390 3030 30.
2440 2986 2645 3033 com-

684 3078 1233 3147 memorantur,
1334 3054 1629 3143 fortass'e
1653 3082 1814 3130 non
1864 3055 2019 3132 fine
2064 3056 2320 3158 aliquo
2367 3062 2463 3132 ad
2510 3087 2646 3135 no·

557 3250 562 3255 Ι
681 3158 906 3233 strum
943 3157 1241 3250 locum,
1299 3179 1376 3232 et
1421 3181 1618 3249 rem,
1674 3184 1766 3231 eo
1806 3178 2210 3248 narratam,
2275 3160 2643 3261 respectu.

683 3257 1189 3334 confirmatur
1239 3258 1482 3334 nostra
1517 3258 1613 3332 de
1663 3257 2029 3359 scriptoris
2089 3265 2458 3359 opinione
2491 3262 2646 3336 sen·

680 3366 913 3436 tentia
973 3357 1195 3435 etiam
1255 3387 1388 3453 e0,
1496 3361 1710 3460 quod
1752 3361 2003 3461 plures
2055 3362 2648 3447 Amorraeorum.

679 3462 832 3538 hoc
870 3463 1208 3563 lapidum
1247 3461 1487 3535 imbre
1521 3483 1912 3536 narrantur
1968 3461 2353 3553 cecidiss'e,
2411 3488 2649 3565 quam

677 3563 1162 3638 Israelitarum
1203 3563 1484 3662 gladiis.
1636 3566 1804 3675 lam·
1854 3590 2090 3665 quum
2162 3583 2451 3636 tantum
2511 3563 2642 3640 ista

681 3665 967 3765 grando
1011 3663 1380 3753 effecerit,
1424 3658 1538 3736 'tot
1574 3662 1890 3737 hostium
1948 3668 2194 3763 capita
2252 3662 2645 3765 confrege-

677 3771 819 3855 rit,
905 3783 1193 3840 tantum
1250 3764 1472 3839 rebus
1521 3763 2009 3839 Israelitarum
2059 3766 2409 3838 leuamen
2450 3785 2644 3841 attu-

676 3866 880 3941 lerit:
983 3872 1146 3968 quis
1189 3893 1346 3941 non
1379 3864 1669 3956 credat,
1719 3870 1853 3940 hos
1883 3922 1912 3965 ,¹
2010 3872 2140 3967 qui
2179 3863 2410 3940 fimile
2454 3868 2644 3969 quid

677 3994 1068 4068 nunquam
1136 3989 1358 4043 antea
1421 3992 1676 4069 neque
1728 3971 2017 4068 experti
2045 3987 2290 4058 erant,
2383 3992 2644 4070 neque

674 4071 1052 4142 narrando
1108 4096 1290 4146 acce
1346 4090 1593 4158 erant,
1650 4068 2070 4168 persuasum
2114 4066 2242 4140 fibi
2282 4072 2637 4159 habum'e,

677 4195 841 4243 eam
895 4189 1234 4271 praeter=
1293 4170 1671 4245 olemnem
1739 4189 2051 4243 naturae
2104 4193 2394 4242 morem
2449 4177 2644 4246 acci·

675 4268 850 4344 diffe
877 4327 895 4359 ,
973 4290 1046 4344 et
1077 4271 1366 4372 lapides
1411 4269 1553 4343 effe
1591 4268 1956 4357 debuissh,
2027 4277 2160 4372 qui
2216 4291 2498 4346 tantam
2532 4280 2641 4348 in·

671 4378 1188 4447 ternecionem
1217 4370 1640 4460 intulissent,
1694 4398 1850 4444 non
1880 4375 2261 4473 grandinis
2296 4376 2639 4474 glaciem.

668 4473 985 4547 Accedit
1003 4502 1028 4564 ,·
1069 4504 1092 4546 ι
1127 4474 1282 4549 uod
1316 4474 1413 4546 ab
1446 4472 1758 4545 aliarum
1790 4479 2150 4572 gentium,
2190 4474 2287 4545 ad
2334 4473 2640 4547 similem

667 4502 1142 4671 ingeniorum
1182 4574 1426 4649 cultus
1455 4626 1474 4662 ,
1516 4577 1785 4644 artium
1818 4601 1907 4648 ac
1943 4572 2294 4647 scientiae
2334 4593 2644 4645 naturae

671 4675 984 4775 gradum
1001 4695 1470 4767 euectarum,
1525 4670 2004 4851 setgitoribus
2058 4673 2246 4747 nihil
2289 4672 2641 4790 frequen·

1465 4806 1478 4813 ·
2490 4790 2641 4851 nu·
