3909 5792
969 1336 1129 1405 eius
1165 1326 1504 1401 'cannina
1551 1342 1753 1398 extat
1797 1352 1873 1399 n.
1923 1329 2115 1399 LXI.
2153 1324 2245 1398 Τ.
2282 1327 2336 1397 1.
2369 1350 2445 1427 p.
2484 1324 2653 1400 236.
2707 1320 2928 1401 Aeso·

969 1434 1188 1531 picae
1217 1423 1516 1498 fabulae
1559 1422 1918 1503 simillima
1940 1481 1960 1516 ‚
2014 1426 2198 1500 tensa
2229 1431 2449 1498 etiam
2480 1447 2553 1501 et
2586 1424 2928 1525 elegante

974 1531 1318 1603 oratione
1375 1527 1801 1627 compolita.
1904 1528 2173 1604 Ansam
2208 1527 2590 1603 Leonidae
2648 1520 2929 1601 dedisse

968 1627 1266 1707 videtur
1308 1628 1731 1703 Simonides
1757 1684 1776 1720 ,
1831 1638 1999 1735 quis
2042 1648 2292 1703 tamen
2322 1625 2438 1719 fit,
2495 1654 2731 1731 quum
2762 1624 2928 1729 plu··

971 1754 1093 1806 res
1143 1727 1418 1803 suerint
1467 1730 1686 1805 huius
1719 1736 2082 1821 nominis,
2133 1734 2499 1804 incertum
2528 1784 2547 1819 ‚
2602 1732 2735 1831 qui
2780 1751 2925 1817 res,

976 1855 1176 1938 quae
1208 1854 1383 1903 vere
1406 1831 1857 1924 acciderant,
1909 1836 2450 1935 epigrammatis
2495 1826 2929 1918 celebrauit,

937 1951 1055 2006 ·vt
1085 1957 1310 2011 carm.
1364 1932 1624 2009 LXIV.
1670 1938 1764 2008 Τ.
1826 1940 1882 2008 1.
1965 1961 2041 2037 p.
2114 1934 2274 2009 138.
2352 1930 2538 2023 (sed
2582 1927 2929 2003 tribuitur

979 2039 1203 2107 etiam
1239 2032 1532 2125 Hedylo
1582 2056 1658 2109 et
1690 2036 2138 2137 Afclepiadi,
2185 2062 2252 2106 v.
2293 2037 2408 2108 Br.
2448 2050 2604 2106 not.
2656 2057 2728 2133 p.
2772 2030 2928 2121 21.)

982 2156 1058 2209 et
1106 2163 1169 2209 c.
1208 2138 1476 2209 XCVI.
1507 2163 1581 2236 p.
1627 2150 1787 2225 Μή.
1842 2159 1954 2227 et,
2010 2136 2221 2240 quod
2244 2136 2552 2209 iunioris
2585 2127 2930 2205 Reiskius

982 2236 1127 2313 ess'e
1180 2236 1615 2329 arbitratur,
1695 2267 1760 2314 c.
1821 2243 2096 2328 cxl1.;
2184 2236 2396 2340 quod
2445 2224 2771 2307 imitatus
2833 2226 2937 2306 est

981 2336 1476 2414 Dioscorides
1547 2365 1613 2414 c.
1668 2346 1799 2417 XI.
1841 2344 1936 2414 T.
1983 2345 2040 2414 Ι.
2078 2367 2156 2441 p.
2203 2338 2373 2435 495.
2480 2337 2734 2432 Quem
2778 2354 2937 2405 mo·
3046 2372 3051 2377 ·

982 2464 1143 2513 rem
1196 2442 1421 2511 etiam
1465 2440 1629 2539 post
1666 2442 2078 2517 Leonidam
2115 2444 2577 2513 retinuerunt
2622 2433 2935 2510 celebris

984 2543 1308 2613 nominis
1342 2561 1618 2640 poetae
1646 2595 1665 2631 ,
1738 2562 1818 2616 vt
1860 2539 2358 2616 Callimachus
2401 2562 2466 2610 c.
2506 2539 2661 2609 Lx.
2714 2534 2939 2607 Dios·

984 2640 1279 2716 corides
1339 2643 1690 2714 XXXIII.
1759 2663 1834 2717 et
1881 2643 2236 2715 XXXIV.
2290 2642 2621 2730 Tymnes
2680 2637 2806 2709 IV.
2854 2659 2934 2737 p.

989 2742 1161 2817 505.
1245 2759 1323 2811 vt
1389 2742 1507 2815 vel
1581 2747 1911 2818 virorum
1984 2739 2107 2815 vel
2190 2738 2590 2813 mulierum
2647 2734 2976 2833 sortiter.

985 2840 1184 2913 facta
1215 2839 1313 2913 ad
1346 2843 1842 2941 posteritatem
1905 2838 2410 2917 transferrent.
2516 2842 2801 2913 Primus
2836 2856 2943 2907 ta·

984 2964 1200 3028 men,
1272 2948 1403 3041 qui
1452 2941 1855 3018 histos-nolas
1892 2944 2246 3042 fingeret,
2319 2961 2399 3015 vt
2437 2939 2744 3041 aliquod
2782 2960 2941 3007 mo-

985 3066 1153 3113 rum
1194 3066 1678 3144 praeceptum
1727 3046 1912 3119 inde·
1948 3045 2300 3132 duceret,
2387 3040 2564 3126 fnit,
2643 3041 2935 3139 opinor,

985 3144 1403 3230 Leonidas-3
1458 3145 1667 3247 quod
1727 3166 2135 3249 perpetuus
2188 3150 2345 3217 eius
2382 3147 2746 3229 imitator,
2790 3140 2943 3211 An-

985 3250 1255 3344 tipater
1301 3245 1706 3328 Sidonius,
1751 3252 2022 3321 imitari
2062 3272 2222 3321 non
2275 3241 2645 3344 neglexit3
2711 3259 2787 3314 at
2819 3263 2941 3313 ve·

983 3372 1071 3419 ro
1104 3401 1122 3436 ,
1198 3364 1275 3419 vt
1309 3351 1387 3421 in
1422 3349 1622 3440 aliie,
1696 3354 1796 3422 ita
1827 3352 1908 3423 in
1947 3346 2098 3422 hoc
2147 3350 2372 3420 etiam
2417 3364 2692 3446 genere
2738 3338 2945 3416 cedit

983 3447 1431 3550 plerumque
1492 3450 1922 3553 archetypo.
2053 3450 2180 3524 Sic
2246 3473 2471 3522 carm.
2524 3445 2783 3519 LXIV.
2842 3440 2943 3513 de

984 3554 1410 3649 Lampone,
1493 3577 1682 3629 cane
1727 3555 2114 3642 venatico,
2160 3574 2390 3652 quem
2453 3544 2595 3621 fitis
2642 3540 2941 3616 occide·

983 3656 1112 3743 rit,
1167 3668 1241 3723 et
1282 3650 1540 3726 frustra
1570 3653 1888 3755 pedibus
1938 3650 2229 3727 fontem
2271 3648 2607 3727 effodere
2655 3640 2943 3716 labora-

985 3760 1123 3842 rit,
1177 3753 1423 3827 addit:
1499 3745 1551 3841 ἦ
1580 3752 1766 3855 αἴρω,
1847 3749 2134 3849 Νύμφαι
2190 3749 2559 3849 Λάμπωνα
2598 3741 2949 3837 κταμένων

986 3859 1172 3947 μῆνιν
1205 3850 1444 3929 ἔθεσθ’
1478 3853 1772 3948 ἐλάφων.
1850 3858 1942 3928 In
1972 3880 2198 3930 carm.
2240 3858 2398 3931 cll.
2434 3866 2700 3935 narrat,
2732 3840 2948 3943 puel-

981 3953 1132 4027 lam
1194 3966 1436 4029 nauis-
1475 3963 1798 4057 parietes
1832 3954 2231 4032 ascendiss‘e
2276 3974 2352 4029 et
2391 3958 2470 4026 in
2505 3970 2710 4024 mare
2744 3942 2946 4015 deie-

989 4075 1194 4131 ctum
1240 4060 1472 4131 Borea
1493 4114 1512 4149 ,
1567 4059 1893 4135 addens:
1946 4055 2094 4134 'lvci
2115 4109 2137 4145 ‚
2188 4053 2612 4159 dvomva'gpmv
2652 4070 2763 4121 τις
2789 4038 2953 4137 ἔφυς

986 4152 1150 4231 θεὶς
1171 4208 1191 4246 ‚
1236 4144 1277 4243 ii
1321 4162 1752 4267 mame-m>
1795 4158 2031 4245 ἥλικος
2062 4172 2181 4232 οὐκ
2228 4154 2448 4237 ’Δίὃην
2490 4144 2720 4251 πικςδν
2764 4140 2955 4233 dorna

984 4258 1255 4343 λοίσθια,
1309 4256 1406 4334 cf.
1461 4284 1686 4335 curm.
1727 4262 1920 4333 0111.
1982 4255 2193 4361 quod
2230 4252 2475 4327 similis
2514 4248 2800 4324 farinae
2829 4244 2952 4325 est.

986 4360 1414 4445 Interdum,
1466 4358 1616 4433 fine
1655 4365 2043 4450 acumine,
2098 4354 2309 4459 quod
2352 4350 2483 4455 ipfi
2515 4350 2747 4424 visum
2812 4344 2961 4422 effe

989 4460 1288 4544 debuit,
1339 4481 1629 4548 narrat,
1675 4472 2007 4532 vtcarm.
2051 4459 2318 4533 XCIV.
2355 4472 2431 4529 et
2462 4454 2703 4527 XCV.
2774 4452 2957 4522 Non
3078 4508 3092 4525 .

967 4564 1214 4659 igitur
1253 4567 1521 4635 mirum
1557 4558 1655 4634 est
1677 4614 1696 4649 ‚
1747 4559 2071 4633 Archiae
2103 4567 2323 4633 etiam
2348 4562 2429 4629 in
2462 4566 2798 4625 mentem
2832 4558 2957 4617 ve·⁴

992 4657 1208 4746 niss'e,
1260 4678 1586 4751 tentare,
1671 4654 1854 4759 quid
1893 4662 1973 4731 in
2006 4658 2159 4735 hoc
2196 4679 2470 4759 genere
2508 4646 2801 4723 humeri
2834 4668 2957 4717 va·

996 4764 1232 4838 len-cm
1262 4788 1278 4827 =
1333 4782 1580 4834 inan-nt
1613 4762 1946 4834 carmine
1978 4763 2131 4831 iam
2154 4778 2337 4841 ant·
2364 4752 2695 4830 indietto
2718 4795 2742 4831 ‚
2806 4764 2959 4918 tgna·

2870 4872 2953 4920 os
