3909 5792
887 852 1083 916 --·⁸'=···-.--
1416 849 1479 927 ⁸65

500 1069 604 1122 tanta
620 1044 688 1120 sint
702 1046 956 1146 longitudine,
994 1070 1033 1124 rt
1050 1054 1247 1124 maximam
1267 1069 1412 1151 partem
1426 1049 1478 1125 sa·
1554 1071 1556 1081 “

500 1148 614 1222 bulae
629 1149 869 1239 constituant,
918 1170 959 1224 rt
975 1155 1013 1223 in
1027 1155 1308 1251 Agamemnone
1330 1171 1367 1223 et
1384 1152 1478 1251 Sup-

499 1248 681 1423 plieibus,
708 1266 746 1320 vt
760 1274 804 1320 ex
820 1249 875 1321 his
892 1271 929 1324 et
942 1258 982 1323 in
999 1257 1127 1351 primis
1143 1250 1352 1351 posterioris
1374 1250 1478 1325 sabu-

516 1375 561 1423 ae
575 1348 689 1423 choro
705 1348 972 1448 antiquiffnnae
986 1371 1039 1424 tra
1067 1350 1199 1425 oediae
1211 1371 1380 1424 naturam
1392 1377 1478 1451 pos-

501 1448 610 1525 sunus
630 1449 803 1545 colligere
820 1458 873 1542 a).
925 1456 1000 1526 Res
1015 1379 1123 1525 aden
1136 1450 1273 1527 chorus
1285 1453 1334 1524 ad
1346 1452 1476 1526 s'tatuin

488 1576 624 1625 ¹rerum
639 1546 870 1648 praesentem
886 1556 1041 1625 minime
1057 1550 1295 1648 necessarias,
1343 1556 1381 1624 in
1400 1542 1478 1626 lati·

498 1651 567 1725 'des
585 1649 761 1738 deorum,
790 1649 968 1738 heroum,
992 1656 1222 1725 narrationes
1235 1650 1421 1727 sactorum
1435 1652 1478 1726 il·

498 1746 682 1840 lustrium,
735 1777 833 1850 (luae
863 1752 1053 1853 ‹prandtu'n
1079 1750 1355 1825 similitudinem
1389 1778 1478 1826 eum

499 1851 606 1927 causa
620 1850 812 1951 praesente
827 1851 976 1944 liabent,
1005 1876 1202 1927 excurrere
1216 1851 1371 1927 mirifice
1390 1878 1479 1951 gau·

484 1952 579 2040 ·det;
626 1948 652 2022 st
676 1951 769 2052 quid
791 1951 955 2026 miseriae
969 1954 1124 2044 accidit,
1161 1951 1300 2041 alienas
1316 1951 1477 2027 miserias

497 2074 789 2141 commemorat3
818 2049 844 2123 sr
858 2052 919 2126 dei
937 2060 1145 2154 cuiuspiam
1162 2078 1303 2127 nornen
1314 2053 1476 2145 auditur,

493 2152 570 2228 hoc
589 2152 817 2253 cupidissnne
836 2160 981 2255 arripit,
1004 2175 1042 2228 vt
1062 2153 1128 2227 fibi
1148 2158 1245 2226 viam
1262 2154 1309 2226 ad
1323 2179 1478 2254 praeco-

484 2259 559 2327 'nia
573 2252 809 2328 consiliorum
824 2264 901 2328 eius
917 2277 955 2330 et
968 2252 1153 2331 sactorum
1165 2253 1309 2328 sternat.
1362 2256 1476 2329 Secu-

494 2382 558 2427 rus
590 2355 639 2427 de
666 2357 821 2445 ordine,
873 2361 1090 2457 ingeniique
1115 2354 1265 2430 feruore
1287 2354 1476 2455 abreptus,

495 2456 614 2529 libere
633 2475 832 2554 euagatur;
879 2483 902 2529 a
917 2456 1049 2547 rebus,
1096 2482 1188 2557 quas
1203 2481 1393 2555 exponere
1410 2452 1477 2528 fibi

494 2555 708 2657 proposuit,
741 2575 897 2656 repente
914 2557 1079 2650 recedit,
1113 2560 1200 2630 etin
1213 2555 1284 2629 alia
1301 2561 1427 2629 omnia
1439 2555 1477 2628 se
1569 2560 1574 2581 ¹

486 2655 592 2728 'trahi
634 2660 765 2747 atitur,
817 2682 935 2757 vsque
951 2656 1325 2755 multisambagibus,
1374 2656 1476 2729 vnde

497 2683 655 2853 egrelllis
675 2757 734 2845 est,
756 2756 894 2830 redeat.
946 2756 1080 2832 Sensus
1094 2756 1233 2857 vbique
1247 2754 1383 2856 spirant
1396 2746 1476 2829 sub-

495 2854 603 2929 limes
627 2877 665 2929 et
682 2858 860 2955 grandes,
910 2862 950 2931 in
966 2863 1128 2959 pectoris
1146 2857 1193 2929 ad
1212 2855 1379 2930 seruilem
1395 2882 1475 2929 mo·

496 2956 586 3030 dum
602 2960 657 3057 pii
669 2977 708 3029 et
719 2956 877 3057 religiosi
887 2958 1341 3058 penetralibusconcepti.
1378 2962 1474 3030 Nus·

496 3084 609 3160 quam
629 3063 799 3130 inuenias
816 3056 973 3153 lyricum
992 3058 1201 3133 sennonem
1220 3058 1256 3131 se
1276 3057 1396 3131 altiori
1411 3085 1477 3131 vo·

490 3158 572 3239 'latu
588 3155 742 3231 efferre:
767 3186 954 3261 nusquam
968 3161 1160 3235 audaciori
1181 3158 1368 3233 cothurno
1383 3157 1475 3229 Mel-

493 3284 686 3361 pomenen
709 3260 896 3335 incedere.
958 3262 1062 3359 Quid
1088 3258 1386 3360 magnificentius
1412 3282 1475 3332 eo·

495 3364 602 3459 gitari
626 3357 744 3460 potest
763 3362 1004 3462 imaginibus,
1050 3362 1186 3463 quibus
1212 3362 1372 3433 deorum
1396 3358 1476 3432 lau-

497 3460 563 3534 des
579 3457 753 3561 illustrat?
798 3463 889 3563 quid
901 3463 1177 3553 vehementius,
1219 3460 1329 3561 quid,
1368 3458 1475 3561 quod

494 3558 720 3660 luculentius
747 3581 784 3637 et
801 3566 961 3638 viuidius
982 3569 1148 3639 animum
1173 3560 1417 3636 dilaceratum
1436 3578 1474 3633 et

494 3659 596 3733 mille
618 3660 811 3737 doloribus
831 3664 1049 3739 transfixum
1065 3662 1253 3752 declaret,
1295 3661 1474 3735 lamenta·

493 3760 657 3833 tionibus
678 3761 771 3853 illis,
809 3790 907 3864 quae
925 3764 1181 3865 episodiorum
1194 3760 1389 3837 interualla
1410 3785 1475 3834 oc·

494 3881 636 3961 cupant
646 3860 671 3931 s·
688 3864 861 3962 Inprimis
876 3865 952 3939 hoc
965 3865 1113 3937 ridetur
1125 3862 1279 3939 voluisse
1295 3860 1474 4035 congegui

1315 3966 1407 4037 Aee
1432 3986 1474 4055 y·

539 4194 578 4280 a)
605 4210 634 4255 v.
660 4188 797 4258 Heeren
830 4192 881 4264 do·
899 4192 996 4263 chori
1009 4195 1224 4261 Graecorum
1258 4212 1313 4259 tm
1339 4195 1387 4257 ici
1408 4210 1474 4253 nu·

579 4294 662 4338 tura
676 4299 709 4364 P·
732 4276 779 4346 ιὸ.
794 4278 862 4370 seq.
921 4285 954 4347 ui
972 4285 1089 4347 eximia
1106 4281 1277 4371 diligentia
1291 4217 1475 4344 effatorum

582 4380 778 4444 argumenta
804 4308 936 4435 excussit
950 4418 959 4453 ,
1002 4383 1036 4433 et
1059 4367 1195 4434 leuifch.
1221 4366 1476 4455 Agamemnon

578 4447 764 4533 tytltmiselr
782 4454 959 4543 silescat.
975 4476 1011 4544 p.
1025 4456 1059 4525 ὅ.
