3909 5792
484 582 556 635 tao
876 564 1071 623 We*

482 778 606 848 cetur,
639 755 744 831 hune
758 758 960 855 igiturnon
975 750 1127 833 voluisse
1138 752 1470 847 ahos-commone,

482 859 632 947 facere,
659 877 697 931 vt.
709 857 757 935 ad
775 856 867 935 senis
884 858 919 941 se
931 856 1120 934 laudabile
1138 858 1354 963 exemplum
1367 886 1470 937 com.
1542 922 1546 929 .

483 980 653 1065 ponant,
702 978 740 1031 et
760 954 896 1035 eadent
927 957 1105 1037 facilitate
1135 976 1173 1030 et
1201 960 1470 1061 tranquillitate

484 1066 600 1137 animi
616 1086 637 1132 e
651 1063 723 1131 vita
738 1060 933 1135 discedere
949 1058 1092 1135 discant
1105 1114 1129 1147 ,.
1152 1057 1237 1147 sed,
1272 1062 1378 1167 quod
1391 1060 1473 1165 ipse

485 1162 710 1265 aliquande,
747 1160 860 1237 talem
889 1160 1013 1237 senem
1042 1164 1153 1237 morti
1177 1166 1392 1261 proximum
1418 1166 1471 1235 vi-

488 1264 601 1350 deus,
628 1267 667 1335 in
686 1262 723 1334 se
736 1260 909 1351 senserat,
935 1262 975 1355 id
989 1268 1028 1335 in
1042 1262 1125 1335 aliie
1137 1258 1248 1339 etiam
1264 1267 1383 1354 ciere,
1410 1288 1472 1337 ea«

487 1366 653 1461 deinque
667 1388 730 1435 eos
744 1362 937 1463 voluptate
952 1362 1190 1462 perfundere.
1240 1366 1406 1453 atvero,
1425 1363 1470 1435 h-

488 1486 552 1545 cet
573 1464 687 1541 aliurn
711 1462 824 1539 sineru
841 1470 963 1571 pictor
987 1462 1159 1553 haberet,
1204 1489 1319 1569 quarn
1339 1471 1404 1569 qui
1428 1468 1471 1541 in

488 1566 683 1643 monendo
711 1566 890 1654 versatur,
933 1570 996 1643 cui
1024 1584 1148 1641 tamen
1176 1569 1360 1671 picturam
1388 1569 1470 1637 eius

489 1665 761 1763 contemplanti
777 1686 997 1743 uonvotum
1012 1666 1182 1765 surrepit,
1202 1686 1241 1739 vt
1255 1664 1320 1741 sthi
1334 1664 1468 1739 eadem

382 1802 386 1823 ι
488 1793 585 1875 pace
604 1772 700 1837 ritae
720 1767 865 1841 cur-liun
879 1766 989 1841 finire
999 1764 1136 1841 liceat?
1163 1771 1224 1843 cui
1238 1792 1317 1841 non
1330 1763 1470 1839 desude-

488 1875 587 1966 rium
613 1866 860 1956 subnascitur,
888 1889 949 1958 vt,
977 1888 1101 1945 morte
1125 1873 1468 1971 appropinquante,

489 1966 628 2044 eodem
657 1973 782 2040 animo
813 1970 895 2042 liliis
927 1966 1210 2071 nepotibusque
1232 1968 1317 2042 vale
1341 1968 1468 2043 dicere

487 2069 623 2179 possit?
657 2072 763 2145 Sicut
776 2076 887 2170 igitur
897 2075 938 2145 in
954 2075 1100 2170 pictura
1117 2066 1219 2177 quast
1234 2068 1361 2148 furtim
1373 2074 1471 2141 eius-

485 2172 592 2249 modi
614 2190 701 2243 vota
719 2196 763 2246 ac
789 2171 967 2249 desideria
993 2177 1093 2249 iuter
1117 2170 1317 2277 voluptatis
1338 2194 1471 2277 perce-

484 2278 657 2375 ptionem
672 2270 709 2345 sc
724 2278 761 2347 in
778 2279 944 2351 animum
960 2272 1147 2363 inserunt,
1197 2278 1248 2349 ita
1260 2277 1301 2344 in
1312 2273 1471 2345 Homeri

485 2381 673 2463 carmine,
703 2371 907 2452 stNesturis
924 2374 1142 2474 personam,
1173 2371 1471 2449 iucundiffimarn

485 2480 693 2579 picturam,
726 2483 853 2551 animo
868 2474 1192 2575 contemplamur,
1229 2479 1475 2580 necopinan-

486 2594 562 2665 ter,
613 2578 703 2649 dum
718 2579 974 2653 admirationis
986 2576 1180 2676 voluptate
1194 2596 1386 2665 tenemur,
1429 2579 1471 2647 in

487 2697 618 2763 uotum
633 2676 854 2768 deserimur,
901 2696 939 2751 rt
952 2697 989 2751 et
1002 2674 1113 2751 nubis
1128 2698 1203 2751 tarn
1219 2697 1351 2775 vegeta
1369 2695 1406 2748 et
1418 2672 1474 2747 sa-

490 2776 553 2859 cili
575 2777 764 2860 senectute
785 2782 858 2860 l'rui
879 2781 993 2861 liceat
1007 2780 1055 2873 Ἴ.
1104 2776 1237 2860 attede
1252 2777 1473 2859 enimtide-
1553 2788 1561 2797 '

1385 2903 1472 2957 mus

532 3112 572 3203 Ἴ
591 3111 720 3185 Natura
732 3113 778 3176 ita
792 3128 1006 3201 comparatus
1018 3111 1063 3179 est
1077 3110 1206 3193 homo,
1222 3110 1387 3181 rationale
1398 3113 1474 3179 ani-

578 3199 663 3277 mal,
688 3215 733 3279 vt,
756 3198 779 3265 st
800 3199 1079 3269 animaduerterit
1099 3198 1221 3264 alicubi
1243 3199 1473 3289 perfectiones

578 3285 741 3365 morales„
778 3309 832 3351 cas
846 3309 953 3375 acque
966 3286 1170 3365 admiretur,
1206 3303 1239 3351 et
1253 3283 1349 3353 firnili
1364 3288 1470 3350 modo

576 3373 619 3434 iis
635 3371 822 3437 deleaetur
836 3421 846 3446 ,
886 3395 924 3439 ac
938 3371 1193 3461 pulchritudine
1207 3388 1240 3436 et
1253 3371 1418 3461 elegantia
1432 3374 1469 3439 in

578 3458 791 3547 corporibus.
836 3458 947 3544 Quem
967 3462 1004 3525 in
1019 3480 1091 3524 rem
1105 3460 1239 3546 egregie
1250 3458 1470 3547 Sltastesbury

574 3544 613 3607 in
631 3545 695 3608 An
717 3546 839 3631 Irrqur'r
885 3551 1097 3633 concerning
1116 3538 1243 3611 Vt'rtue
1261 3544 1338 3609 aad
1355 3549 1469 3618 merite

574 3569 926 3697 caracteriltikssoll.
941 3632 980 3697 ll.
1019 3680 1028 3697 .
1043 3654 1095 3719 29.
1126 3630 1282 3727 Itisfttll
1292 3654 1332 3700 as
1344 3634 1472 3719 impos-

566 3710 665 3792 fible
686 3734 724 3778 ta
743 3722 928 3785 conceive,
971 3736 986 3781 t
1036 3736 1051 3783 t
1075 3741 1101 3783 a
1123 3720 1282 3791 rational
1309 3736 1472 3781 creature

483 3856 487 3864 .
575 3802 798 3889 corntngfislt
810 3821 847 3867 co
857 3806 898 3869 be
906 3802 998 3867 tried
1012 3806 1058 3889 ty
1069 3806 1227 3869 rational
1238 3806 1383 3893 objecta
1393 3801 1470 3867 ond

574 3891 748 3973 receiving
760 3892 835 3951 into
847 3890 899 3953 his
910 3890 1010 3959 mind
1022 3890 1082 3953 tlte
1097 3894 1229 3977 ira-ages
1245 3915 1286 3955 or
1296 3892 1470 3979 represen-

482 4030 517 4063 a.
573 3977 707 4043 taciens
726 3973 771 4065 os
776 3972 924 4061 justice,
952 3974 1170 4064 generosity,
1219 3979 1399 4045 rastede,
1430 3982 1470 4040 o'r

578 4058 679 4127 other
697 4064 760 4123 virt
816 4108 826 4135 ,
856 4000 1285 4153 fltouldltavcnolisring
1303 4062 1469 4155 oftlrese',

485 4162 504 4177 '·
559 4156 614 4210 ''or
628 4143 747 4213 dislike
762 4082 905 4239 'their
920 4152 1128 4222 contrariae,⁸
1147 4152 1211 4213 due
1224 4150 1267 4214 be
1265 4148 1394 4241 found
1404 4136 1469 4212 ab*-
1572 4220 1576 4243 1

480 4256 490 4266 ·
519 4244 530 4261 '‘
544 4234 722 4335 ''Jalutely
741 4230 943 4323 iptlrffmm
963 4234 1469 4407 towards-uhmsoeves'jspred·

497 4344 510 4357 -·
521 4346 523 4351 ·
541 4382 543 4387 Ι
582 4376 598 4393 -Ι
1363 4339 1443 4385 esis&

483 4372 493 4404 Ι
