3909 5792
519 742 587 816 188
908 756 1100 799 ..ezr-...-

510 968 601 1027 reto
619 941 725 1021 eaest
743 945 931 1029 humanae
947 975 1126 1041 naturae,
1158 969 1196 1037 et
1208 955 1362 1041 metuis,
1392 975 1491 1053 quae

508 1067 689 1147 tanquam
703 1070 826 1125 rector
840 1073 878 1125 et
889 1056 1119 1153 gubernator
1131 1056 1164 1124 ei
1179 1078 1200 1122 a
1214 1052 1353 1126 snntmo
1366 1078 1491 1133 rerum

507 1154 648 1249 opifice
663 1151 789 1223 addita
811 1152 877 1243 est,
901 1157 1049 1231 indoles
1068 1184 1115 1231 ae
1131 1159 1246 1241 tatia,
1274 1176 1313 1225 vt
1332 1180 1409 1229 non
1423 1152 1491 1229 nist

506 1246 587 1329 sero
605 1271 642 1323 et
655 1279 723 1353 per
737 1254 871 1351 gradus
888 1278 1033 1332 tantum
1050 1259 1098 1357 ‘ld
1119 1279 1212 1341 eant,
1240 1259 1346 1333 cuius
1368 1281 1488 1353 capax

507 1353 576 1445 est,
600 1354 871 1455 perfectionem
888 1360 939 1435 sui
957 1359 1174 1443 adscendet,
1193 1372 1231 1425 et
1249 1374 1287 1425 vt·
1303 1354 1393 1427 sallo
1410 1361 1487 1427 ani-

504 1456 718 1549 maduersa,
762 1479 798 1531 et
812 1459 901 1545 ¹falso
925 1462 1086 1547 credita,
1123 1454 1290 1533 sensuum
1310 1454 1425 1527 soltun
1445 1455 1487 1528 li·

503 1558 599 1631 dens
614 1558 821 1633 testimonio
836 1587 879 1632 ac
891 1561 1070 1649 relationi,
1098 1563 1137 1631 in
1150 1580 1236 1629 vere
1250 1575 1287 1625 et
1303 1576 1405 1629 recte
1420 1556 1486 1629 ob·

503 1658 732 1741 seruaturum
767 1682 923 1731 nurnero
955 1684 1022 1757 per
1056 1660 1173 1731 multa
1202 1654 1323 1728 secula
1352 1676 1481 1753 ponat,

502 1780 707 1857 antequam
732 1757 955 1854 diligentiori
973 1764 1135 1831 examini
1154 1780 1192 1833 et
1210 1760 1345 1831 veriori
1367 1760 1482 1829 exilii·

501 1862 677 1941 matiani,
704 1881 781 1957 qno
799 1856 847 1927 ad
864 1856 1007 1947 suttiora
1023 1858 1175 1937 decreta
1192 1863 1399 1957 perueniat,
1426 1857 1495 1928 l0·'
1528 1913 1540 1945 ,

501 1984 589 2037 cum
604 1956 891 2035 concedendum
908 1981 1025 2060 putet.
1086 1964 1165 2059 Qui
1179 1960 1289 2059 i'gitur
1303 1956 1384 2029 fieri
1396 1977 1479 2056 pot·

500 2055 570 2145 est,
603 2073 640 2127 rt
654 2061 693 2129 in
712 2056 867 2133 infantia
882 2062 1036 2137 humani
1050 2068 1216 2163 generis,
1241 2056 1304 2131 vbi
1322 2064 1477 2157 exignus

497 2176 564 2231 aut
576 2155 701 2232 nullus
718 2178 796 2235 erat
809 2166 1045 2260 ingeniorum
1062 2164 1203 2257 cultus,
1228 2158 1355 2231 nullae
1373 2160 1476 2259 leges

494 2261 642 2333 animos
656 2260 853 2361 regebant,
893 2256 1208 2341 niltlllitterartttn
1225 2278 1262 2335 at
1275 2265 1409 2363 artium
1426 2266 1485 2335 vi·.

521 2356 626 2453 ebat,
655 2364 760 2464 quod
774 2366 1093 2443 mentaefonnare
1104 2356 1328 2469 poluilletet
1339 2386 1478 2461 perpo-

514 2466 521 2481 '
543 2484 584 2552 e,
612 2460 753 2565 siquae
771 2472 944 2567 notiones
962 2496 1087 2545 rer-tun
1102 2468 1257 2541 rudibus
1274 2468 1405 2537 aniutis
1422 2468 1484 2536 in·-

493 2558 773 2657 formabantur,
823 2594 890 2641 eae
910 2575 961 2645 ita
980 2563 1389 2653 infamationem,
1436 2584 1477 2639 vt

491 2690 584 2749 oum
606 2664 754 2755 nostris,
805 2668 875 2741 alia
891 2692 1032 2764 aetate,
1078 2670 1155 2746 alio
1175 2692 1301 2743 rerum
1318 2670 1410 2741 statu
1429 2691 1476 2740 ac

492 2762 640 2857 sonna,
678 2774 819 2844 maiore
837 2774 1075 2871 ingeniorum
1096 2772 1199 2848 oultu
1209 2826 1220 2863 ,
1237 2816 1241 2825 ·
1258 2786 1385 2840 mente
1398 2787 1473 2839 tam

491 2872 628 2951 artium
644 2870 853 2943 incredibili
866 2880 1041 2949 varietate
1058 2872 1245 2974 expolita,
1292 2893 1406 2969 quam
1420 2868 1473 2939 le·

491 2994 582 3069 gtuu
602 2968 731 3043 salubri
750 2969 940 3048 seueritate
956 2978 1149 3049 moderata
1165 3028 1176 3063 ,
1194 3026 1198 3033 -
1219 2973 1412 3067 conceptis.
1432 2986 1471 3043 et

491 3076 621 3145 animo
636 3070 783 3145 versatis
797 3076 1032 3175 congmant?
1057 3082 1175 3165 Nam,
1200 3092 1240 3145 vt
1256 3074 1353 3160 dem,
1376 3072 1471 3147 mul-

489 3188 547 3249 tae
567 3198 625 3246 rea
648 3198 871 3261 occurrere,
920 3196 957 3252 et
977 3182 1018 3265 in
1033 3182 1108 3251 vita
1126 3175 1324 3249 hominum
1348 3175 1472 3265 obser·

488 3280 594 3365 vari,¹
635 3300 733 3375 qnae
754 3276 814 3350 vel
830 3283 947 3352 victus
965 3299 1003 3353 et
1023 3284 1180 3353 amictus
1197 3272 1470 3353 necessitatibus

487 3381 709 3465 inserviant,
757 3378 817 3451 vel
831 3379 1044 3477 delectandi
1056 3385 1247 3455 materiam
1264 3378 1471 3478 praebeant

488 3479 614 3559 atsese
636 3480 849 3569 recreandi,
885 3506 1044 3581 quatum
1059 3486 1252 3571 notiones,
1289 3481 1468 3581 quinalio

484 3584 735 3667 ttmdamento
751 3584 939 3672 nituntur,
978 3606 1093 3683 qnam
1105 3606 1211 3655 mero
1224 3580 1467 3655 mentisiudi-

484 3690 566 3777 c'io,
590 3684 692 3781 apud
704 3702 833 3781 gentes
847 3687 1008 3755 maxime
1018 3685 1176 3759 incultas
1189 3708 1268 3755 non
1282 3689 1465 3782 exiguam,

484 3804 550 3861 aut
573 3788 828 3882 imaginariam
848 3802 992 3857 tantum
1013 3810 1097 3859 cum
1114 3782 1245 3858 nostris
1265 3782 1467 3857 similitudi·

481 3912 571 3965 nem
589 3883 773 3972 habeant,
796 3889 836 3957 in
850 3888 893 3957 iis
912 3905 1038 3959 tamen
1050 3885 1182 3975 rebus,
1218 3910 1317 3985 quae
1329 3885 1378 3957 atl
1389 3908 1467 3958 me-

482 4014 541 4065 ras
559 3986 594 4061 se
605 3985 802 4057 ltontinum
821 3987 1019 4084 opiniones
1032 3985 1224 4075 referunt,
1269 4009 1396 4087 neque
1415 3986 1463 4058 ah

480 4088 561 4167 aliis
580 4083 716 4175 causis,
754 4106 793 4159 tt
806 4086 898 4159 caeli
919 4106 956 4159 et
975 4092 1137 4186 regionis
1155 4092 1328 4185 ingenio,
1366 4090 1462 4156 aeris

479 4191 680 4291 temperie,
708 4186 773 4261 soli
788 4206 853 4259 aut
868 4186 1055 4261 fertilitate
1068 4209 1133 4263 aut
1145 4186 1350 4275 sterilitate,
1378 4184 1460 4258 vsus

479 4292 740 4375 diutumitata,
793 4292 961 4389 corporis
993 4288 1142 4381 habitu,
1196 4287 1460 4363 fulcimentum

478 4390 636 4505 aliquod
654 4398 827 4495 capiunt,
855 4403 948 4501 quas
964 4388 1128 4468 formant
1142 4388 1208 4465 fibi
1222 4414 1350 4466 aarum
1368 4386 1461 4459 talea

503 4514 506 4519 '
1373 4512 1462 4589 gen·
