3909 5792
967 1292 1142 1347 eum
1181 1261 1467 1363 collega
1511 1260 1682 1338 Sex.
1729 1264 1956 1341 Atilio
1998 1264 2363 1357 Serrano,
2410 1284 2485 1341 et
2511 1289 2663 1347 vno
2703 1286 2915 1365 prae-

966 1391 1170 1455 tore,
1210 1369 1406 1465 App.
1462 1364 1827 1457 Claudio‘,
1879 1372 1965 1440 Ρ.
2014 1366 2263 1443 Clodii
2292 1364 2517 1441 fratre
2544 1424 2563 1457 ,
2610 1365 2915 1442 consen-

965 1474 1103 1542 tire
1135 1466 1377 1540 noluit
1417 1470 1532 1556 (v.
1568 1493 1644 1566 p.
1671 1468 1871 1541 Sext.
1898 1469 2024 1543 33.
2066 1470 2188 1543 38.
2225 1488 2301 1541 et
2325 1472 2405 1542 in
2446 1469 2689 1543 Pison.
2738 1467 2911 1547 15.).

963 1566 1186 1645 Haud
1231 1566 1460 1643 dubie
1495 1564 1687 1641 filius
1732 1566 1872 1642 fuit
1922 1568 2119 1645 illius
2166 1567 2528 1658 Gracchi,
2606 1572 2739 1671 qui
2770 1568 2917 1668 pri-

964 1694 1176 1743 mum
1229 1666 1479 1743 seruus
1508 1723 1527 1760 ,
1633 1668 1909 1755 deinde
1973 1670 2399 1759 libertinuS,
2470 1666 2546 1745 se
2598 1694 2737 1771 pro
2790 1670 2913 1741 Ti.

972 1766 1298 1845 Gracchi
1337 1768 1493 1844 filio
1546 1770 1851 1871 gerebat
1877 1827 1897 1864 ,
1939 1792 2029 1858 ,et
2052 1770 2331 1855 artibus
2361 1776 2442 1844 L.
2468 1770 2767 1870 Apuleii
2791 1768 2921 1842 Sa-

969 1875 1252 1945 turnini
1315 1896 1382 1943 a.
1454 1873 1627 1957 654.
1701 1876 1786 1947 C.
1849 1876 2091 1949 Mario
2161 1876 2286 1949 VI.
2354 1891 2429 1945 et
2464 1877 2572 1969 L.
2614 1868 2917 1946 Valerio

970 1973 1243 2050 Flacco
1288 1970 1477 2046 Coss'.
1527 1973 1866 2049 tribunus
1899 1974 2099 2076 pleb.
2134 2001 2309 2050 cum
2346 1998 2441 2046 eo
2468 1971 2727 2062 factus,
2783 1972 2921 2043 Ga-

971 2072 1318 2175 pitolium
1386 2080 1792 2177 occupauit
1869 2080 1979 2169 (v.
2041 2104 2117 2177 p.
2168 2074 2415 2150 Rabir.
2476 2073 2692 2147 Perd.
2732 2100 2803 2169 7.
2839 2096 2921 2171 p.

972 2176 1174 2251 Sext.
1221 2187 1341 2273 47.
1370 2182 1437 2266 ),
1518 2196 1594 2251 et
1632 2203 1904 2279 quem,
1993 2182 2171 2279 quia
2212 2177 2279 2250 se
2320 2173 2643 2249 Gracchi
2684 2170 2929 2246 filium

976 2281 1274 2351 mentiri
1335 2276 1750 2370 constabat,
1820 2305 1886 2352 a.
1933 2282 2110 2355 652.
2218 2281 2314 2375 Q.
2361 2275 2727 2351 Caecilius
2770 2275 2931 2345 Me-

976 2377 1195 2453 tellus
1236 2379 1675 2452 Numidicus
1723 2379 2023 2470 censor,
2076 2398 2366 2455 ,contra
2400 2382 2547 2449 vim
2580 2380 2933 2451 incitatae

976 2478 1513 2567 multitudiniS,
1615 2478 1836 2553 censu
1885 2479 2270 2581 prohibuit
2332 2480 2541 2565 (Cic.
2594 2504 2671 2579 p.
2722 2476 2926 2550 Sext.
3038 2510 3045 2515 ·

981 2590 1101 2677 47.
1152 2597 1226 2650 et
1275 2578 1524 2652 Aurel.
1570 2582 1763 2655 Vict.
1811 2584 1972 2657 VV.
2015 2579 2116 2655 ill.
2159 2584 2277 2652 62.
2310 2583 2383 2673 ):
2484 2578 2695 2652 illum
2726 2579 2949 2649 euim·

980 2700 1057 2753 et
1107 2684 1364 2753 Victor
1403 2677 1644 2772 ahc.)
1698 2684 2139 2777 Quinctium
2171 2686 2427 2771 vocat,
2483 2701 2559 2753 et
2592 2676 2933 2755 Valerius

978 2784 1348 2853 Maximus
1393 2783 1557 2870 (111,
1599 2784 1669 2855 8.
1723 2785 1860 2871 lx,
1893 2811 1966 2879 7.
2014 2784 2180 2863 15.)
2228 2778 2278 2852 fi
2318 2807 2456 2882 pro
2478 2784 2933 2881 Equitium,

981 2879 1192 2979 quod
1233 2878 1510 2952 librarii
1550 2880 2000 2974 intulerunt,
2078 2884 2537 2980 Quinctium
2588 2880 2933 2977 legimus,

976 3003 1262 3052 nomen
1303 2979 1488 3053 illud
1531 2980 1807 3055 furioso
1859 2982 2149 3057 homini
2190 2981 2398 3056 fuiss'e
2427 3038 2446 3073 ,
2512 2981 2929 3057 confirmat.

979 3078 1217 3177 Quod
1249 3076 1310 3151 -fi
1368 3082 1752 3157 Gracchus
1816 3082 1944 3157 ille
1992 3083 2375 3161 accusator
2417 3082 2735 3159 Archiae
2767 3080 2935 3173 fuit,

977 3179 1142 3257 fieri
1184 3180 1458 3282 potest,
1509 3203 1587 3257 vt
1621 3184 1824 3259 idem
1865 3184 2095 3275 illud,
2150 3187 2360 3288 quod
2398 3188 2767 3261 Cicerone
2810 3183 2941 3255 de-

979 3280 1384 3370 fendente,
1435 3285 1770 3363 iudicum
1798 3286 2171 3363 sententiis
2197 3286 2571 3360 absolutus
2606 3284 2727 3377 est,
2766 3311 2939 3361 cau-

982 3385 1052 3461 sa
1091 3387 1246 3458 odii
1281 3391 1358 3458 in
1384 3407 1786 3485 patronum
1819 3393 1979 3461 eius
2009 3389 2323 3489 suscepti
2360 3391 2715 3475 extiterit3
2768 3386 2943 3461 data

984 3486 1262 3561 deinde
1294 3487 1908 3587 opportuniffima
1955 3487 2389 3581 occasione,
2500 3515 2678 3561 uum
2714 3490 2942 3583 magi-

983 3588 1294 3663 stratum-
1323 3589 1664 3687 gerebat,
1746 3590 2051 3691 explere
2096 3590 2283 3663 illud
2332 3588 2441 3665 stu
2504 3595 2627 3662 uit.
2732 3592 2943 3660 Haec
3080 3616 3085 3621 ·

982 3686 1148 3763 funt
1189 3687 1379 3780 fere,
1421 3717 1615 3791 quae
1651 3691 1751 3765 de
1787 3697 1932 3767 vita
1983 3715 2061 3767 et
2104 3691 2329 3766 rebus
2369 3692 2574 3789 gestis
2622 3686 2942 3761 Archiae

986 3816 1082 3864 ex
1128 3790 1271 3865 hac
1317 3798 1662 3866 oratione
1703 3791 2003 3894 poss'unt
2030 3798 2213 3870 erui.
2316 3797 2571 3867 Liceat
2593 3812 2796 3862 nuuc
2842 3786 2944 3861 de

985 3896 1290 3989 ingenio
1332 3914 1643 3992 poetae,
1697 3894 1796 3969 de
1825 3894 2106 3997 scriptis
2147 3899 2329 3984 eiuS,
2374 3914 2529 3966 tum
2573 3896 2696 3978 iis,
2747 3911 2949 3989 quae

982 3992 1235 4071 adhuc
1293 3993 1691 4088 habemus,
1796 4016 1959 4072 tum
2021 4020 2216 4099 quae
2270 3998 2627 4094 tempon‘s
2676 3993 2949 4065 iniuria

984 4092 1242 4168 omissa
1305 4095 1685 4188 dolemuS,
1732 4119 1808 4173 et
1864 4100 1963 4175 de
2027 4097 2350 4185 iudicio,
2404 4094 2618 4194 quod
2676 4094 2951 4168 Cicero

987 4194 1088 4270 de
1122 4219 1216 4271 eo
1250 4194 1471 4290 facit,
1525 4199 1742 4273 breui
1781 4200 2037 4275 adhuc
2083 4198 2486 4297 disputare.

1935 4454 2031 4527 V.

1194 4599 1432 4697 Quod
1477 4598 1772 4677 Tullius
1837 4598 2274 4703 suspicatur,
2331 4601 2779 4691 Gracchum,
2823 4592 2953 4671 ad·

992 4694 1390 4777 versarium
1446 4702 1804 4798 Archiae,
1855 4701 2360 4805 quaefitumm
2396 4729 2445 4777 a
2477 4700 2553 4781 se
2586 4699 2955 4872 effetzntztgr·
