3909 5792
508 542 576 616 132
887 544 1084 591 *Ἢ

504 746 565 818 illa
580 752 702 814 notate
718 740 756 809 in
770 730 946 837 ambiguo
960 743 1054 837 poni
1067 754 1232 834 poterat,
1267 736 1308 807 in
1321 733 1488 809 medium

463 916 466 927 ,
506 840 672 945 prolerre
685 864 762 911 non
778 836 942 925 dubitat-3
991 828 1205 937 praesertim
1223 862 1343 936 quum
1358 837 1488 911 admo·

505 948 591 1016 ‹lnnr
615 932 807 1012 verilirnile
830 932 881 1027 sn,
904 936 984 1009 ¹alia
1004 964 1126 1038 eaque
1152 940 1312 1011 certiora
1338 944 1489 1038 cognita

506 1050 541 1119 ei
552 1040 655 1115 l'nille
666 1058 866 1140 poetarum
880 1038 1069 1137 exempla,
1097 1043 1162 1139 qui
1178 1036 1282 1109 diuiti
1297 1064 1393 1113 rena
1405 1038 1489 1139 pol·

505 1146 622 1219 lentes
639 1196 648 1230 ,
687 1158 724 1212 et
736 1138 861 1211 multis
882 1142 1111 1239 optimisque
1127 1141 1266 1237 ingenii
1282 1134 1488 1237 specimini-

505 1246 575 1318 bus
592 1241 794 1315 claritatem
808 1245 970 1312 nominis
984 1238 1131 1339 adepti,
1157 1232 1217 1313 rel
1233 1243 1348 1311 nimia
1362 1264 1488 1313 rerunt

491 1344 764 1425 'mediocritate
783 1337 1026 1429 laborall'ent,
1071 1338 1337 1437 relinulunnna
1353 1338 1488 1440 egesta-

389 1436 398 1461 ⁸
507 1467 544 1519 te
561 1438 951 1516 milen-imerixillent.
1014 1442 1096 1513 Nec
1114 1445 1380 1529 enimomnes,
1421 1460 1487 1512 aut

505 1546 665 1645 vbique,
688 1550 727 1615 in
745 1544 902 1616 Graecia
913 1543 953 1614 in
969 1533 1110 1615 summo
1126 1536 1208 1614 lunt
1218 1540 1335 1614 habiti
1348 1559 1487 1639 poetae

506 1642 652 1719 honore
667 1674 676 1732 ;
717 1668 796 1715 non
812 1645 917 1714 omni
941 1662 1111 1743 ternpore
1128 1644 1272 1715 Romae
1289 1645 1487 1715 Maecena·

507 1767 563 1820 tes
588 1742 757 1835 fuerunt,
796 1748 861 1843 qui
878 1744 1031 1817 Flaccos
1053 1742 1136 1817 luos
1156 1760 1195 1816 et
1211 1738 1391 1815 Marone&
1406 1760 1486 1813 tue·

506 1865 636 1920 rentur
652 1863 688 1917 et
702 1864 888 1917 ornarent.
924 1848 1012 1919 Non
1025 1844 1101 1920 sola
1114 1843 1233 1917 nostra
1246 1864 1347 1917 aetas
1359 1846 1487 1915 animo

438 1984 445 2001 ·
506 1968 583 2021 tani
599 1951 741 2043 ingrato
758 1943 854 2025 fuit,
882 1966 921 2018 vt
940 1966 1093 2045 poetas,
1120 1942 1487 2047 quorumopernvel

508 2047 559 2121 ob
587 2046 805 2119 suauitatem
836 2067 874 2119 et
899 2046 1168 2137 dulcedinem,
1213 2046 1274 2121 vel
1302 2042 1488 2145 grandilo-

509 2152 701 2249 quentinrn
722 2167 759 2219 et
776 2140 1060 2239 sublimitatem,
1099 2147 1160 2223 vel
1177 2144 1489 2221 sensuumteneri·
1535 2212 1538 2221 .

425 2314 428 2321 .
509 2268 625 2323 tatem
645 2273 688 2331 ne
704 2247 899 2323 mollitiem
913 2274 1037 2349 paene
1052 2249 1257 2339 devorarat,
1276 2246 1490 2323 stourarum

510 2344 685 2423 fluctibus
703 2354 948 2449 agitrrentur,
994 2350 1056 2424 vel
1070 2348 1220 2427 miseriis
1238 2349 1317 2424 lere
1330 2348 1490 2421 submer-

512 2471 706 2551 gerentur,
758 2455 797 2522 in
814 2472 967 2551 portum
984 2457 1170 2553 recipere,
1217 2450 1278 2526 vel
1296 2449 1414 2524 nollet
1428 2446 1490 2523 vel

510 2550 686 2625 differret.
728 2555 855 2649 Quare
864 2559 1092 2653 paupertatis
1109 2572 1308 2654 poetarum
1318 2549 1489 2650 exempla

512 2650 721 2753 quaelituro
736 2679 815 2725 non
829 2680 925 2753 opus
945 2654 1014 2743 est,
1039 2656 1089 2729 ad
1101 2674 1178 2729 tam
1192 2675 1375 2729 remotam
1391 2670 1491 2725 aeta-

511 2774 608 2843 tern,
646 2779 743 2855 quae
762 2758 963 2829 Homerica
976 2754 1045 2847 est,
1079 2756 1220 2847 redire,
1264 2775 1301 2828 et
1313 2752 1403 2827 inde
1415 2752 1492 2827 tale
1579 2826 1586 2836 ,

511 2854 605 2955 qnid
625 2872 757 2956 petere
768 2844 793 2947 ,'
820 2856 925 2957 quod
942 2870 1068 2957 et'per
1083 2860 1260 2959 temporis
1274 2852 1493 2933 vetustatem

511 2955 728 3047 obscurum,
774 2976 811 3029 et
824 2983 864 3031 re
878 2954 955 3057 ipsa
971 2954 1082 3033 facile
1103 2958 1299 3034 refellitur:
1349 2956 1492 3030 etenim

511 3056 574 3130 lua
599 3063 736 3158 cuique
759 3078 860 3135 aetas
885 3078 960 3151 tot,
1002 3078 1097 3161 quot
1118 3079 1224 3161 optat
1245 3056 1405 3147 habere,
1451 3076 1492 3131 et

511 3157 620 3257 plura
644 3154 807 3253 fortalle,
844 3160 1017 3261 exempla
1041 3158 1080 3235 lu
1108 3162 1260 3263 peditat.
1329 3160 1490 3259 Semper

512 3282 584 3357 ego
601 3260 796 3357 indignor,
817 3267 967 3363 quoties
984 3266 1024 3335 in
1039 3188 1150 3338 redon
1163 3282 1201 3339 et
1211 3258 1297 3337 fatis
1309 3264 1491 3363 principis

510 3377 707 3459 poetarum
721 3360 841 3436 video
853 3368 1156 3456 commemorari,
1191 3389 1279 3438 eurn
1290 3390 1359 3465 per
1377 3364 1492 3435 Grae·

512 3462 610 3533 ciam
629 3460 881 3549 circuminille,
905 3486 943 3540 et
955 3466 1004 3537 ad
1016 3468 1272 3567 potentiorum
1284 3464 1397 3539 aedes
1413 3486 1492 3537 ear

510 3564 656 3633 minum
672 3561 822 3636 snorum
837 3566 1037 3665 particulas
1050 3560 1122 3668 pro
1139 3566 1202 3643 rili
1214 3566 1413 3657 mercede,
1449 3582 1491 3637 vt

511 3664 625 3735 vitam
639 3660 863 3759 sustentaret,
889 3666 1064 3743 recitulle.
1116 3667 1396 3759 Anmendicus,
1423 3668 1492 3767 qui

506 3786 582 3863 ¹per
602 3761 710 3839 vrbes
729 3771 924 3843 circumire
938 3788 976 3843 et
991 3766 1147 3846 ostiatim
1166 3768 1340 3847 canendo
1359 3768 1492 3868 stipem

511 3862 710 3965 colligere,
753 3866 836 3941 faris
855 3868 1095 3969 cogentibus,
1128 3898 1152 3943 a
1168 3874 1304 3947 teneris
1317 3870 1489 3959 erlueuit,

510 3988 681 4057 carmen,
710 3968 821 4069 quale
832 3968 916 4041 Ilia's
935 3968 987 4043 est
1000 3991 1038 4045 et
1051 3970 1232 4067 Odyllea,
1258 3972 1392 4047 vbiree
1408 3974 1490 4069 pin·

506 4086 647 4239 fiuntur
658 4074 872 4167 interreges
886 4095 931 4143 ac
948 4072 1064 4147 duces
1079 4072 1200 4173 gestae
1213 4094 1252 4147 et
1261 4068 1491 4173 ignobilibus

536 4168 723 4247 ominibus
737 4194 783 4247 ac
799 4170 981 4251 mendich
996 4168 1112 4273 plone
1124 4177 1360 4275 incognitae,
1397 4194 1489 4349 ‹rion-

1111 4298 1114 4303 '
1425 4291 1491 4351 otu
1526 4345 1531 4353 .
