3909 5792
618 808 647 893 5¹
1002 825 1193 869 :ze-:-

508 1062 510 1069 ·
620 1016 765 1099 necesse
791 1014 861 1109 est,
907 1017 1087 1118 exemplis
1107 1037 1295 1106 vetenun,
1331 1020 1521 1092 Ciceronis
1550 1022 1610 1091 in·

620 1128 767 1229 primis,
810 1120 869 1193 vel
892 1125 1039 1222 priuato
1068 1118 1187 1191 studio
1210 1117 1406 1219 diligenter
1426 1127 1610 1209 tractatis,

621 1224 682 1299 vel
702 1249 726 1296 a
746 1221 913 1321 magistro
936 1226 991 1293 rei
1013 1226 1135 1322 perito
1160 1220 1274 1295 docte
1301 1225 1476 1293 enarratis
1502 1222 1545 1292 id
1570 1222 1610 1295 se

623 1324 762 1401 debere
785 1328 918 1423 magis,
958 1348 1089 1423 quam,
1133 1347 1207 1421 qua
1244 1326 1349 1421 pueri
1383 1328 1611 1395 memoriam

586 1462 588 1471 ·
624 1446 840 1514 oneratam,
870 1427 1178 1524 praeceptionum
1202 1421 1317 1494 moli?
1349 1426 1414 1511 At,
1436 1450 1484 1495 ne
1502 1450 1611 1497 arro·

624 1547 752 1629 gantes
790 1522 860 1598 else
884 1525 1094 1614 videamur,
1134 1544 1192 1613 et,
1240 1522 1343 1622 quod
1374 1544 1430 1596 tot
1452 1529 1612 1597 maximi

623 1632 784 1703 nominis
800 1626 970 1698 homines
989 1644 1075 1697 ante
1092 1650 1159 1697 nos
1176 1622 1395 1696 v'tililsnnunt
1412 1645 1609 1724 putarunt,

624 1729 664 1803 id
692 1728 755 1803 illa
783 1726 943 1801 velitaris
968 1730 1147 1826 opinione
1176 1723 1298 1799 nostro
1331 1752 1433 1799 nunc
1459 1728 1611 1801 iudicio

623 1828 720 1905 velle
742 1834 908 1930 priuare:
943 1826 1056 1927 plane
1078 1826 1170 1899 nulli
1190 1826 1260 1898 elle.
1285 1825 1489 1899 vluilnrius
1515 1833 1612 1903 artis

623 1948 843 2035 praecepta,
886 1953 959 2003 nec
986 1927 1097 2000 nobis
1121 1933 1158 2000 in
1187 1932 1312 1999 animo
1344 1927 1392 2001 est
1425 1933 1612 2029 cuiquam

653 2030 865 2119 erluadere,
904 2054 977 2103 nec
1003 2026 1116 2101 alium
1147 2028 1229 2101 sore
1259 2036 1491 2131 quenquam,
1537 2038 1612 2131 qui

623 2058 773 2207 seriora
798 2152 898 2229 agat,
925 2130 1155 2203 arbitramur.
1206 2134 1371 2203 Primum
1387 2136 1497 2219 erunt,
1523 2157 1612 2223 eos,

626 2237 692 2335 qui
709 2230 1002 2305 adolescentibus
1023 2230 1193 2331 exempla
1215 2250 1422 2319 oratorum,
1451 2235 1616 2307 Cicero-

623 2337 681 2409 nis
705 2332 765 2409 vel
785 2330 1066 2423 Demosthenis,
1093 2331 1279 2433 explicare
1300 2332 1389 2406 susci
1403 2362 1406 2366 ·
1419 2338 1511 2421 iunt,
1540 2360 1616 2408 eo-

624 2459 785 2536 rumque
800 2439 1106 2535 interpretatione
1130 2434 1177 2506 ad
1204 2432 1355 2506 similem
1385 2360 1466 2506 iilos
1486 2436 1615 2508 l'acul-

624 2554 738 2611 tatem
763 2535 974 2626 adducere,¹
1029 2562 1052 2607 a
1070 2534 1134 2607 tali
1154 2555 1440 2637 praeceptorum
1467 2533 1615 2609 subtili-

623 2654 699 2711 tate
722 2636 914 2711 instructos
940 2634 1182 2723 essedebere‚
1209 2641 1269 2707 vix
1288 2634 1355 2724 est,
1383 2636 1486 2737 quod
1512 2663 1615 2711 con-

622 2736 778 2812 firmem.
832 2741 926 2833 Quis
955 2743 1055 2811 enim
1081 2736 1272 2829 existimet,
1310 2757 1614 2839 praeceptorum

623 2837 819 2912 subtilitate
848 2838 1018 2912 destituto
1043 2858 1108 2911 aut
1126 2838 1320 2939 suppetere
1337 2838 1456 2938 polle,
1495 2844 1613 2938 qnod

625 2938 929 3015 admonendum
954 2940 1002 3012 de
1024 2937 1169 3039 singulis
1192 2940 1302 3013 mbus
1319 2959 1356 3013 et
1380 2938 1492 3013 caulis
1514 2964 1613 3039 apte

625 3046 665 3115 et
684 3066 770 3114 curn
787 3040 911 3113 sructu
927 3041 972 3111 ad
993 3045 1142 3138 ingenia
1159 3040 1309 3130 alenda,
1337 3062 1374 3113 et
1389 3042 1435 3113 ad
1454 3041 1612 3140 elegan-

624 3148 697 3217 tiae
720 3144 957 3242 veritatisque
993 3140 1131 3214 sensurn
1160 3148 1199 3213 in
1223 3148 1356 3214 teneris
1387 3147 1517 3214 animis
1541 3168 1612 3217 ex-

625 3241 814 3319 citandum
832 3270 876 3315 ac
897 3241 1169 3331 roborandum,
1198 3244 1382 3333 conserat,
1406 3262 1469 3315 aut
1485 3242 1611 3317 sacul-

624 3363 738 3419 tatem
762 3347 916 3416 omnino
942 3342 1031 3434 elle,
1109 3368 1178 3415 uae
1194 3346 1269 3445 ipse
1291 3343 1391 3417 sensu
1415 3344 1478 3417 suo
1511 3345 1612 3419 edo-

624 3464 704 3521 etus
721 3465 826 3545 apte,
852 3443 1010 3545 pulclrre
1032 3371 1228 3545 milltoque
1246 3444 1363 3517 studio
1382 3446 1510 3544 scripta
1528 3446 1611 3521 elle

622 3546 790 3635 sciuerit,
844 3572 920 3646 quo
957 3545 1085 3621 lucent
1109 3545 1170 3617 illa
1197 3570 1286 3618 vero
1312 3546 1607 3647 pulchritudinis

623 3646 770 3737 colore,
798 3673 844 3721 eo
865 3646 924 3719 vel
942 3646 1116 3747 capiendi
1144 3652 1307 3739 animos,
1341 3647 1421 3738 vel,
1447 3654 1545 3748 capti
1574 3650 1606 3723 ti

621 3744 776 3837 suerint,
805 3746 1023 3821 detinendi?
1070 3752 1170 3823 Tum
1195 3775 1284 3821 vcro
1309 3752 1348 3820 in
1372 3747 1454 3850 ipsis
1487 3754 1622 3843 etiam·

620 3846 916 3922 adolescentibns
938 3849 1031 3941 elle,
1054 3850 1189 3953 quibus
1213 3850 1323 3923 talem
1342 3852 1605 3950 praecipiendi

620 3948 777 4023 modum
805 3955 1012 4024 accuratius
1050 3973 1178 4026 tenete
1212 3949 1370 4025 multum
1404 3948 1602 4053 profuerit,

619 4074 757 4149 negare
783 4076 895 4122 nemo
923 4050 1024 4126 ausit.
1074 4058 1171 4127 Nam
1196 4050 1219 4124 st
1240 4057 1323 4153 qui,
1351 4072 1470 4125 aetate
1486 4076 1530 4125 ac
1548 4057 1604 4125 vi-

619 4150 720 4225 ribus
752 4157 1029 4250 prouectiores,
1070 4178 1113 4227 ea
1137 4154 1302 4253 gandent
1318 4152 1468 4253 linguae
1483 4152 1603 4227 facul·

618 4270 711 4343 tate,
738 4271 777 4326 vt
799 4249 874 4327 sine
898 4258 1102 4353 interprete
1126 4260 1318 4328 Ciceronis
1342 4254 1471 4357 scripta
1492 4256 1603 4329 intel-

615 4350 754 4453 ligant,
781 4374 836 4446 et,
865 4351 992 4426 sinon
1019 4378 1171 4447 omnes,
1215 4379 1313 4456 quae
1346 4375 1490 4446 extant,
1516 4361 1600 4432 eius

618 4460 825 4546 orationes,
864 4478 926 4531 ear
962 4474 1088 4550 certe,
1140 4482 1234 4561 quas
1263 4454 1415 4532 selectas
1448 4478 1599 4550 vocant,

817 4592 821 4599 ¹
1219 4592 1222 4597 ·
1518 4584 1598 4661 quo
