3909 5792
690 806 730 876 18
1058 787 1277 836 ’π

684 1000 831 1075 dierum
861 992 1016 1094 spatium
1046 994 1171 1067 valere
1199 985 1365 1065 debuisse
1398 984 1684 1087 cognoscimus,

684 1104 843 1177 ciuitatis
862 1099 1084 1197 petitionem
1102 1094 1261 1169 Archiae
1283 1095 1379 1162 intra
1401 1089 1568 1162 eiusdem
1585 1095 1684 1163 armi

681 1202 778 1276 fines
801 1195 1015 1284 concludit;
1054 1222 1134 1269 non
1156 1220 1205 1267 ne
1229 1193 1292 1291 ligi
1317 1190 1449 1279 debet,
1478 1192 1590 1291 quod
1621 1192 1684 1265 Ci·

681 1318 775 1379 'ceto
797 1324 883 1373 eum
900 1296 1005 1397 apud
1029 1300 1078 1394 Q.
1098 1220 1294 1371 Metellum
1311 1311 1545 1393 praetorem,
1569 1290 1684 1365 sami·

684 1398 908 1481 liarillrmum
938 1397 1043 1472 suum
1066 1394 1269 1499 prolellum
1289 1391 1463 1495 perhibet
1502 1397 1561 1483 (c.
1595 1408 1634 1478 xi.
1650 1400 1684 1487 );

688 1530 804 1609 quem
828 1500 983 1601 quidem
1006 1523 1087 1572 nou
1108 1499 1285 1573 Celerem
1315 1492 1420 1567 luille
1457 1516 1684 1593 praetorem

687 1610 876 1682 Cicerone
894 1599 976 1675 Col.
992 1626 1015 1671 a
1036 1602 1122 1697 691.
1149 1604 1205 1693 (r.
1226 1596 1333 1672 Catil.
1352 1600 1380 1685 I,
1404 1597 1439 1667 8.
1463 1596 1557 1669 Sull.
1578 1598 1684 1691 23.);

686 1732 760 1782 nec
779 1702 884 1792 eum,
923 1704 990 1801 qui
1015 1699 1208 1775 biennium
1235 1696 1364 1774 consul
1385 1694 1506 1768 suita.
1526 1700 1622 1771 685.
1648 1718 1684 1771 et

684 1810 774 1885 686.
798 1830 885 1878 cum
904 1804 952 1897 Q.
980 1800 1178 1877 Hortenlio
1192 1820 1230 1873 et
1246 1804 1296 1896 Q.
1316 1802 1459 1871 Marcio
1480 1800 1603 1899 Rege,
1635 1820 1684 1891 et,

687 1908 799 1982 rebus
815 1909 854 1977 in
872 1904 985 1977 Creta
1000 1901 1099 1999 bene
1147 1900 1238 1993 estis,
1263 1902 1363 1973 vnde
1377 1903 1514 1973 Cretici
1534 1926 1684 1975 nomen

685 2008 922 2093 obtinuerat,
949 2009 989 2076 in
1005 1930 1199 2077 consulatu
1213 2022 1382 2076 mortuus
1400 1998 1467 2089 est,
1496 2004 1612 2100 quod
1630 2028 1684 2075 ar·

687 2109 844 2187 bitratur
867 2108 1076 2193 Manutius;
1100 2104 1163 2177 led
1178 2108 1304 2191 Pium,
1330 2102 1521 2175 Numidici
1544 2104 1684 2195 lilium,

688 2214 779 2313 qui,
805 2226 843 2279 vt
865 2206 972 2307 supra
993 2205 1133 2281 dictum
1154 2202 1222 2297 est,
1249 2233 1281 2276 a.
1305 2208 1391 2301 690.
1419 2224 1505 2275 ante
1523 2208 1684 2279 Cicero·

685 2336 780 2387 nem
806 2306 1016 2399 consulem,
1056 2306 1187 2381 ccnlo'r
1214 2327 1383 2380 mortuus
1409 2304 1475 2393 est,
1516 2330 1564 2378 ex
1593 2334 1684 2408 cap.

695 2407 754 2487 ro.
774 2408 951 2485 circalin.
965 2498 969 2505 Ι
983 2428 1127 2482 certum
1152 2405 1213 2481 est.
1264 2414 1374 2505 Quae
1392 2430 1507 2505 quum
1529 2412 1581 2479 ita
1602 2408 1684 2501 lint,

687 2540 769 2590 non
800 2508 919 2611 potest
951 2508 1024 2583 elle
1052 2510 1270 2598 obscurum,
1309 2506 1482 2581 Archiam
1508 2508 1607 2583 inde
1636 2511 1684 2585 ab

686 2634 792 2691 'anno
815 2612 899 2685 665.
919 2610 1101 2712 usquead
1128 2638 1161 2683 a.
1188 2612 1274 2709 693.
1289 2614 1331 2683 in
1351 2633 1508 2682 numero
1535 2616 1684 2687 ciuium

688 2716 945 2793 Romanorum
967 2710 1038 2786 elle
1062 2712 1262 2801 versatum,
1298 2730 1336 2783 et
1360 2714 1533 2785 XXVIII.
1554 2736 1684 2789 annos

687 2816 729 2894 se
746 2838 829 2919 ¹pro
847 2820 940 2889 ¹ciue
989 2810 1109 2888 ellille.
1172 2818 1295 2887 Maior
1327 2811 1376 2885 est
1402 2810 1630 2903 obscuritas,
1658 2812 1684 2888 si

688 2918 897 2994 'decernere
923 2840 1099 3008 velimus,
1150 2940 1228 3017 quo
1257 2940 1359 2986 anno
1384 2910 1536 2987 Archias
1561 2917 1684 3007 Heraf

692 3020 797 3097 eleae
813 3024 852 3090 in
868 3022 1221 3097 ciuiumnumerum
1241 3035 1414 3115 receptus
1432 3013 1483 3087 stt.
1537 3018 1684 3093 Cicero

690 3118 783 3196 iusto
813 3118 963 3191 breuius
988 3124 1027 3189 in
1044 3122 1256 3190 narratione
1273 3122 1326 3209 (c.
1347 3122 1409 3209 li.)
1425 3140 1503 3188 rem
1522 3136 1682 3192 tractat:

686 3214 785 3297 nihil
815 3224 913 3291 enim
937 3217 1096 3317 amplius
1122 3239 1409 3309 commemorat,
1443 3243 1557 3318 quam
1574 3244 1682 3310 eum,

692 3346 811 3427 quunt
843 3317 930 3392 ellet
957 3346 1044 3392 curn
1062 3323 1103 3389 L.
1122 3316 1280 3391 Lucullo
1303 3325 1342 3391 in
1363 3318 1526 3393 Siciliam
1551 3318 1684 3419 profe-

685 3440 797 3513 ctus,
840 3438 878 3493 et
905 3446 1023 3520 quum
1057 3444 1104 3491 ex
1136 3445 1181 3491 ea
1205 3424 1402 3519 prouincia
1427 3446 1514 3495 oum
1537 3414 1684 3495 eodem

688 3522 849 3599 Lucullo
878 3518 1095 3608 decellillet,
1135 3520 1270 3593 venill'e
1291 3520 1532 3610 Heracleam3
1560 3549 1683 3621 quam

686 3628 880 3701 'cluitatem
902 3646 1021 3724 quum
1042 3619 1184 3695 vitlillet
1201 3621 1414 3722 aequill'nno
1433 3629 1513 3695 iure
1532 3622 1606 3697 elle
1633 3650 1683 3700 ac

688 3724 863 3814 foedere,
902 3721 1057 3797 adscribi
1077 3722 1111 3796 le
1128 3728 1167 3795 in
1184 3748 1267 3797 eam
1287 3722 1463 3803 voluille,
1502 3724 1682 3827 iIIurlque

688 3850 809 3927 quum
835 3844 907 3925 per¹
926 3823 980 3916 se,
1018 3844 1117 3898 ¹tum
1140 3832 1361 3902 auctoritate
1386 3824 1532 3899 Luculli
1561 3834 1682 3931 impe-

688 3921 807 3999 trnlle.
833 3925 918 3999 'Sed
936 3924 1048 4027 quale
1065 3926 1158 4000 illud
1175 3927 1322 4001 Luculli
1340 3932 1411 4002 iter
1430 3932 1470 3998 in
1485 3928 1682 4007 Siciliam?

686 4024 903 4125 Frssancilcus
929 4027 1076 4121 Syluius
1114 4032 1178 4118 (in
1200 4032 1362 4128 Oporini
1382 4032 1555 4129 Corpore
1574 4058 1683 4107 corn·

682 4146 806 4203 'menn
825 4130 948 4202 inCic.
963 4131 1082 4203 Oratt.
1106 4155 1248 4219 omnes,
1267 4130 1341 4204 Rus.
1368 4132 1473 4205 1553.
1488 4140 1526 4231 p'.
1551 4134 1682 4225 1113.)

682 4227 901 4303 *itast-tibia:
927 4233 974 4301 L.
985 4230 1176 4303 Lucullus
1193 4228 1537 4330 quaestorAfiam,
1553 4260 1684 4335 prm-

693 4348 759 4403 tor
780 4332 983 4411 Siciliam,
1021 4330 1160 4425 consul
1180 4333 1322 4428 Astam
1347 4334 1523 4407 obtinuit
1530 4364 1545 4423 ;
1586 4362 1683 4409 cum

689 4454 739 4511 co
763 4440 808 4505 in
831 4432 906 4504 har
922 4438 1160 4533 prouincias
1180 4434 1359 4508 Archias
1370 4436 1581 4535 profectus
1608 4436 1680 4535 ss.
