3909 5792
1453 1064 1850 1113 εξ
2474 1058 2615 1139 251
2700 1078 2715 1091 ‘

671 1260 1156 1341 trihuendum
1206 1265 1620 1361 putauerit,
1705 1284 1934 1361 quam
1962 1281 2273 1339 naturae
2312 1268 2627 1367 eiusque

672 1368 1015 1441 alumnis·
1167 1364 1326 1435 Iam
1378 1388 1614 1463 quum
1674 1384 1767 1433 ex
1821 1364 2234 1437 imitatione
2291 1366 2627 1441 Graecae

675 1466 997 1565 elegiae,
1082 1462 1320 1565 qualis
1349 1468 1430 1535 in
1484 1465 2083 1537 Triumuirorum
2122 1464 2419 1537 illorum
2458 1466 2625 1540 reli-

676 1570 874 1669 quiis
943 1569 1317 1653 cernitur,
1399 1583 1689 1637 tantum
1765 1566 2143 1659 capiamus
2202 1566 2625 1665 voluptatiS,

675 1690 940 1743 nonne
989 1664 1565 1764 archetyporum
1617 1660 2082 1739 subnal'catur
2138 1664 2629 1739 desiderium?

677 1770 882 1843 Num
933 1768 1110 1852 erit,
1215 1769 1346 1866 qui
1402 1791 1680 1867 operae
1718 1770 2043 1863 pretium
2087 1764 2463 1841 facturum
2498 1792 2627 1840 ne·

679 1886 851 1969 get,
946 1870 1080 1969 qui
1144 1864 1606 1971 pauciffimas
1667 1862 2053 1967 reliquias,
2140 1864 2415 1970 quaesi
2466 1893 2627 1941 nou

679 1970 1034 2059 omnino,
1147 1986 1350 2041 certe
1409 1968 1664 2087 aliquo
1707 1964 1938 2039 modo
2000 1968 2279 2041 docere
2308 1964 2629 2067 poffuut,

679 2066 946 2186 quale,
1042 2084 1118 2143 et
1151 2094 1377 2170 quam
1419 2066 1598 2143 felix
1645 2072 1724 2143 in
1772 2064 1922 2141 hoc
1970 2072 2313 2142 carminis
2356 2076 2633 2165 genere

676 2170 906 2245 luerit
947 2170 1410 2244 Graecorum
1442 2173 1863 2269 ingenium,
1915 2169 2035 2242 vel
2071 2173 2149 2241 in
2178 2166 2429 2243 lucem
2462 2194 2639 2271 pro-

683 2276 1026 2358 traxerit,
1075 2270 1198 2347 vel
1245 2268 1666 2345 emaculare
1709 2290 1797 2343 et
1845 2270 2149 2371 pristino
2186 2273 2413 2341 nitori
2446 2268 2637 2343 resti-

683 2393 898 2446 tuere
937 2378 1018 2445 iu
1089 2370 1165 2446 se
1225 2370 1644 2473 receperit?
1687 2374 1865 2445 Non
1915 2374 2141 2469 igitur
2184 2394 2482 2459 vereor,
2534 2392 2641 2445 ne

687 2500 916 2577 quam
968 2476 1398 2547 temeritatis
1449 2491 1704 2547 notam
1771 2468 2115 2563 subeam,
2272 2471 2426 2544 uod
2462 2474 2645 2544 Her*-

687 2573 1188 2662 mefiannctiS,
1269 2570 1774 2674 elegiographi
1833 2590 2181 2675 tempore
2308 2568 2642 2645 lexandri

687 2678 795 2749 M.
863 2676 1230 2764 florentis,
1327 2672 1826 2773 fragmentum
1891 2672 1987 2745 ab
2062 2672 2453 2749 Athenaeo
2509 2671 2641 2745 lib.

695 2778 899 2847 xm.
947 2802 1022 2873 p.
1080 2775 1228 2869 597
1283 2774 1696 2865 somatum,
1808 2774 2019 2875 quod
2082 2779 2231 2847 iam
2288 2772 2647 2849 Ruhnke-

693 2879 863 2947 nius
902 2894 1076 2946 ante
1110 2875 1398 2975 aliquot
1452 2900 1690 2949 annos
1741 2878 1822 2949 in
1863 2874 2085 2973 Epist.
2133 2878 2312 2949 Crit.
2417 2930 2434 2947 .
2469 2874 2640 2949 283.
2702 2882 2709 2891 '

696 2974 900 3077 seqq.
973 2974 1240 3063 edidit,
1341 3002 1608 3071 magna
1673 3001 1765 3049 ex
1813 2994 2025 3077 parte
2084 2902 2531 3049 emaculguit
2571 2994 2649 3047 et

695 3082 894 3149 notis
951 3074 1378 3167 illustrauit,
1433 3076 1687 3149 denuo
1725 3074 2085 3177 aggreffus
2123 3076 2314 3166 sum,
2367 3096 2461 3167 et,
2570 3080 2647 3149 ui

695 3182 920 3253 naeui
981 3182 1356 3277 egregium
1393 3176 1580 3249 illud
1629 3197 2201 3251 monumentum
2243 3177 2489 3249 adhuc
2524 3211 2543 3247 ι
2580 3202 2651 3249 e-

693 3278 1119 3379 tun-pabant,
1175 3304 1308 3351 eos
1360 3298 1674 3352 conatus
1712 3280 2159 3378 abstergere.
2268 3282 2409 3351 Vix
2448 3302 2651 3351 emm

697 3401 888 3484 puto
917 3435 938 3470 ,
1039 3404 1134 3453 ex
1191 3384 1400 3452 omni
1483 3384 1924 3481 antiquitate
1994 3378 2401 3478 elegantius
2438 3380 2654 3478 quid-

700 3508 968 3585 quam,
1021 3500 1098 3555 et
1137 3480 1348 3582 quod
1398 3479 1746 3555 omnibus
1799 3487 2127 3553 numeris
2162 3485 2389 3579 magis
2450 3478 2655 3553 abso-

695 3582 940 3657 lutum
995 3580 1076 3653 fit
1105 3637 1123 3672 ‚
1188 3580 1284 3655 ad
1336 3607 1475 3655 nos
1531 3579 1970 3685 perueniss'e.
2109 3586 2283 3655 Non
2347 3581 2656 3681 quidem

699 3689 802 3759 ita
861 3681 1535 3757 Hermelianactem
1583 3706 1840 3757 meum
1903 3708 2077 3757 amo
2098 3737 2115 3772 ,
2204 3704 2279 3755 vt
2336 3706 2493 3753 non
2552 3684 2657 3752 vi-

705 3786 966 3874 deam,
1026 3784 1226 3858 idem
1281 3788 1350 3857 ei
1396 3788 1572 3857 vitio
1615 3782 1776 3857 dari
1835 3780 2081 3883 poss'e,
2130 3782 2337 3885 quod
2388 3806 2661 3883 perpe·

699 3905 836 3961 tuo
899 3890 1056 3958 eius
1111 3890 1500 3977 imitatori,
1563 3886 1985 3985 Propertio,
2060 3887 2365 3956 nimiam
2409 3900 2657 3955 osten-

703 3992 1066 4061 tationem
1109 3986 1540 4077 doctrinae3
1591 4004 1668 4059 at
1723 3989 2279 4059 meminerimus
2330 4002 2657 4083 oportet,

699 4112 865 4179 rea,
923 4114 1108 4189 quas
1149 4106 1450 4177 tractat,
1519 4090 1877 4173 Leontio,
1978 4084 2073 4159 ad
2126 4110 2351 4189 quam
2406 4082 2663 4185 elegos

703 4188 872 4263 suos
931 4186 1160 4276 mint,
1255 4208 1334 4260 et
1447 4212 1623 4278 uae,
1727 4206 1806 4259 vt
1862 4185 2091 4289 paulo
2138 4184 2300 4288 post
2359 4186 2663 4261 docebi-

677 4316 912 4379 ·mus,
1027 4289 1252 4364 docta
1307 4294 1380 4361 vi
1437 4308 1602 4362 etur
1655 4284 1870 4361 fuisse
1933 4284 2215 4360 femina
2250 4340 2270 4371 ,
2356 4314 2513 4363 non
2558 4288 2661 4361 la·

703 4388 954 4480 tuiffe,
1013 4388 1176 4481 sed,
1232 4389 1441 4491 quod
1543 4407 1715 4461 oeta
1768 4386 2015 4463 verbis
2048 4379 2265 4462 οἶσθα
2312 4410 2387 4463 et
2418 4385 2662 4485 γιγνώ-

707 4520 888 4567 σκεις·
921 4496 1200 4579 innuit,
1271 4517 1376 4563 no
1412 4494 1427 4508 ‘
1489 4514 1668 4563 unas
1719 4486 1952 4565 fuiss'e.
2072 4490 2225 4564 Sed
2254 4512 2661 4593 antequam

699 4590 1202 4691 fragmentum
1257 4614 1678 4693 apponam,
1727 4586 2021 4664 neceffe
2054 4590 2191 4682 est,
2244 4609 2324 4662 vt
2364 4590 2462 4663 de
2500 4590 2663 4691 ipso

701 4688 1336 4783 Hermefianacte,
1421 4710 1790 4792 quantum
1847 4690 2033 4765 mihi
2098 4694 2485 4789 cognitum
2508 4688 2658 4783 -est,

2447 4815 2662 4891 prae-
