3909 5792
753 1078 947 1103 m

753 1104 947 1119 ..ψ

369 1268 519 1349 datiorts
532 1282 706 1351 naturae,
735 1261 992 1343 moderatioris
1014 1264 1133 1359 sensus
1148 1286 1185 1339 et
1200 1267 1347 1365 politio·

365 1373 415 1443 ris
433 1368 565 1457 mentis
584 1362 796 1437 hominibus
811 1363 906 1441 visae
925 1383 962 1438 et
977 1368 1264 1466 animaduersae,
1290 1373 1346 1443 ui-

366 1465 419 1538 hil
433 1465 492 1540 vel
507 1491 639 1563 parurn
657 1463 848 1543 habiturae
864 1462 1011 1539 fuissent
1030 1473 1129 1556 miri,
1157 1490 1213 1557 ct,
1241 1472 1346 1569 quod

364 1567 554 1661 vulgarent
576 1583 730 1669 naturae
750 1566 920 1656 ordinem
947 1568 1164 1656 excederet,
1204 1566 1252 1665 ab.
1275 1570 1344 1662 his,
1426 1560 1432 1569 ’
1517 1572 1520 1579 '

364 1666 547 1739 uiuidior-e
564 1669 734 1761 ingenio,
771 1685 808 1738 et
825 1670 1071 1758 commotiore
1092 1673 1238 1759 animo,
1265 1697 1346 1751 uar-

364 1772 510 1845 ratione
525 1766 732 1863 exhibitae,
760 1771 798 1843 iu
812 1765 926 1862 longe
947 1765 1021 1839 alio
1037 1788 1173 1857 ornatu
1193 1795 1344 1869 compa-

270 1899 272 1902 ⁴
364 1867 516 1954 rebant,
545 1866 750 1967 augustiore
765 1887 802 1937 et
816 1864 1072 1960 insolentiam,
1098 1868 1218 1947 multo
1237 1876 1344 1945 ruira-

364 1966 533 2045 biliorern
553 1966 712 2068 speciem
731 1965 981 2061 allumebant,
1023 1989 1061 2041 et
1079 1969 1197 2047 multo
1211 1969 1346 2058 fortius

363 2069 594 2161 audientium
609 2067 728 2141 sensus
745 2066 1015 2168 percutiebant.
1066 2073 1201 2169 Neque
1218 2092 1344 2145 tamen

361 2168 520 2242 studium
537 2168 653 2247 modo
664 2223 674 2259 ,
707 2194 784 2271 quo
799 2187 900 2257 vates
921 2166 1122 2257 ardebant,
1164 2176 1343 2247 attonitos
1419 2216 1425 2231 =
1474 2234 1494 2247 .

362 2269 545 2347 reddendi
564 2273 733 2363 animos,
772 2285 809 2341 et
822 2266 1052 2361 narratarum
1065 2292 1188 2343 rerunt
1201 2296 1343 2351 memo·

363 2375 440 2457 riae.
457 2370 672 2469 dignitatem
689 2388 726 2441 et
739 2369 888 2466 pondus
909 2368 1160 2459 conciliandi,
1194 2375 1234 2451 iu
1256 2396 1343 2445 cau-

361 2468 404 2555 fis
418 2468 498 2560 fuit,
522 2497 590 2545 cur
604 2475 643 2542 in
662 2468 886 2555 carminibus
909 2468 967 2541 vel
984 2470 1156 2547 nitidiora
1176 2490 1214 2542 et.
1226 2469 1343 2571 splen-

360 2570 517 2662 didiora,
544 2569 605 2645 vel
619 2567 854 2663 horribiliora
868 2589 905 2642 et
918 2562 1206 2660 truculentiora,
1227 2578 1342 2672 qnam

360 2676 400 2744 in
414 2669 489 2768 ipsa
501 2689 656 2767 natura,
678 2674 804 2751 omnia
816 2667 889 2742 sese
902 2666 1102 2761 offerrent,
1128 2697 1257 2745 veruta
1272 2670 1339 2745 lin-
1351 2658 1368 2767 '0

297 2827 303 2837 ,
360 2795 456 2869 guae
479 2775 600 2859 etiarn,
617 2797 691 2871 qua
708 2770 915 2858 vtebautur,
931 2762 1104 2863 inf-antia,
1115 2792 1150 2843 et
1168 2769 1336 2871 snnplici·

362 2890 429 2957 tas,
445 2889 558 2972 atque
580 2895 711 2965 eorum¹
726 2868 998 2965 vocabulorum
1014 2864 1051 2944 et
1069 2872 1250 2971 loquendi
1263 2872 1337 2965 fur*

359 2970 555 3059 mularum,
570 2969 705 3071 quibus
715 2978 756 3054 is,
782 2974 1010 3072 quinurnine
1019 2971 1165 3075 plenus,
1179 2970 1338 3073 stupenti

360 3082 398 3145 et
422 3077 461 3142 in
481 3069 594 3165 rerba
604 3068 761 3165 inhianti
779 3071 1007 3169 multitudini
1021 3097 1169 3169 narrate
1192 3072 1336 3173 aliquid

358 3198 515 3260 nouum,
526 3162 918 3273 inauditunt,'grande,
935 3164 1216 3284 ardtruntgestit,
1228 3199 1340 3274 aegre

359 3272 566 3363 admodum¹
579 3277 775 3369 caruerit,-'
790 3269 936 3381 insignis
958 3278 1087 3387 inopia
1103 3294 1139 3361 et
1154 3282 1333 3374 paucitas.

357 3377 454 3449 Nam
477 3399 594 3476 quutn
607 3377 647 3458 in
690 3373 807 3473 opido
823 3374 925 3465 rudi,
960 3393 998 3447 et
1008 3398 1039 3465 a·
1049 3373 1198 3469 filuel'tri
1220 3396 1334 3475 arque

356 3472 564 3561 feritrarita
580 3500 643 3547 mo
674 3501 697 3547 o
713 3472 929 3574 progreffo,
978 3479 1124 3565 omnia,
1172 3481 1334 3581 quaein

357 3573 478 3651 seusus
496 3576 651 3662 cadunt,
686 3576 831 3669 auidius
851 3579 1108 3677 encipiarrtur,
1135 3583 1274 3649 maiore
1300 3597 1337 3650 et

356 3674 563 3750 ferociente
582 3674 660 3765 fere
685 3681 828 3776 impetu
846 3679 886 3755 in
902 3681 1068 3752 animum
1084 3676 1334 3768 demittantur,

315 3792 328 3855 l
357 3774 487 3849 fortius
505 3774 1197 3877 pectusmoueantatque'pertundant,
1223 3770 1337 3889 qnam

356 3881 397 3955 in
411 3876 558 3969 cultiori
577 3897 614 3967 et
627 3876 740 3951 causrs
754 3876 980 3971 meditandis
991 3876 1141 3957 adsueto
1155 3906 1163 3949 t
1190 3878 1336 3953 necess'e

310 4058 312 4063 ,
358 3976 430 4067 est,
468 3974 663 4078 siquando
677 3976 741 4053 illa
762 3970 915 4078 prodire
938 3978 1092 4076 liuguae,
1113 3978 1250 4050 auxilio
1274 4005 1337 4053 cu-

356 4084 483 4179 piant,
516 4098 555 4152 vt
567 4104 647 4171 non
667 4098 743 4151 tam
758 4098 911 4167 exeant,
947 4104 1061 4178 quarn
1077 4084 1366 4178 prorumpant*

358 4200 396 4252 et
420 4200 458 4253 vt
481 4178 613 4253 eadem
634 4185 728 4254 mira
752 4177 899 4280 specie,
950 4205 1026 4253 tua
1048 4176 1085 4250 se
1110 4176 1336 4269 infinuan'nt,

355 4285 523 4365 animum
541 4279 769 4379 adimpleant
790 4300 829 4372 et
844 4303 958 4381 perce
974 4278 1060 4355 lant.
1109 4283 1204 4352 Mira
1221 4284 1337 4354 omni·

354 4404 408 4455 no
426 4385 602 4481 cogitatio
615 4384 749 4463 mentia¹
762 4372 919 4477 oriatur,
956 4376 1104 4452 necesse
1124 4379 1192 4470 est,
1221 4405 1338 4487 quum
1359 4401 1362 4407 ·

357 4480 474 4556 homo
490 4503 564 4555 tam
579 4483 697 4567 varie,
728 4500 806 4569 tam
821 4477 1144 4577 rniril'tceaffectus
1160 4479 1257 4578 dgna
1272 4484 1339 4551 cir·

362 4584 573 4685 curnspitn't,
618 4578 752 4681 quibus
775 4585 888 4654 animi
910 4574 1090 4655 comtrroti
1112 4579 1208 4652 l'enla
1225 4580 1343 4674 expri-

360 4705 455 4777 mat3
507 4685 658 4783 quaein
671 4704 823 4787 promtu
838 4682 942 4772 lunt,
991 4678 1153 4781 euridet
1175 4672 1341 4775 magnifi·

1253 4798 1340 4852 cen-
