3909 5792
657 763 709 836 26
1047 767 1248 809 ⁸²¹¹=

659 966 817 1051 Cicero,
872 981 963 1033 uum
988 958 1038 1033 ad
1053 960 1233 1059 Ampium
1256 957 1378 1035 scribit
1400 957 1560 1051 (Famil.
1589 963 1654 1051 IV,

662 1075 768 1154 rai,
803 985 935 1135 diserte
958 1060 1058 1136 hauc
1083 1058 1129 1133 ab
1156 1060 1219 1133 illa
1242 1060 1447 1161 distinguit:
1490 1062 1656 1135 Princi-

652 1192 749 1269 pem
769 1181 909 1236 tamen
930 1163 1141 1236 habuimus
1166 1163 1370 1260 Pansam,
1414 1167 1478 1233 tui
1484 1158 1654 1259 studio-

646 1264 861 1367 fiffimum,
899 1271 978 1339 mei
1005 1267 1216 1365 cupidum-;
1266 1270 1336 1363 qui
1358 1264 1513 1335 valeret
1536 1266 1655 1365 apud

657 1369 774 1441 illum
789 1396 872 1440 non
897 1374 1025 1441 nunus
1040 1372 1314 1445 auctoritate,
1340 1391 1467 1466 quam
1483 1373 1653 1464 gratia.

656 1472 707 1545 At
722 1494 812 1543 vero
840 1468 1035 1544 sciendum
1052 1466 1122 1557 est,
1157 1494 1237 1541 non
1261 1492 1379 1567 usque
1402 1490 1448 1539 eo
1477 1466 1654 1543 curiosos

658 1567 731 1645 esse
751 1575 850 1647 circa
868 1570 1070 1645 verborum
1085 1569 1275 1645 delectum
1292 1587 1483 1657 oratores,
1510 1588 1559 1643 vt
1573 1596 1655 1643 nou

655 1674 846 1747 interdum
870 1672 988 1774 paulo
1012 1670 1145 1747 laxiori
1170 1668 1435 1771 significatione
1452 1669 1656 1745 vocabula

656 1770 882 1865 adhibeant,
923 1795 1006 1865 aut,
1053 1798 1152 1873 (puae
1174 1773 1223 1846 de
1246 1770 1464 1845 seriore-riri
1483 1770 1653 1847 alicuius

654 1870 865 1947 nobilissimi
895 1882 970 1949 vita
990 1872 1170 1949 verissime
1189 1874 1290 1949 dicta
1308 1869 1476 1961 fuissent,
1519 1872 1579 1945 ad
1600 1879 1653 1949 iu·

655 1974 798 2049 veniles
826 2000 967 2062 annos,
1019 1974 1083 2050 vbi
1111 1975 1191 2079 spes
1215 1978 1353 2066 maim,
1396 1999 1516 2073 quam
1538 1972 1652 2067 fides,

656 2094 764 2167 erat,
821 2076 922 2179 quasi
960 2078 1299 2181 repraesentatione
1334 2079 1412 2148 veri
1455 2082 1650 2167 contenti,

654 2175 854 2255 transferre
889 2180 1073 2269 audeaut,
1116 2178 1328 2281 praesertim
1356 2174 1381 2249 st
1410 2177 1574 2265 vident,
1616 2178 1652 2253 se

654 2279 715 2353 rel
732 2282 882 2385 pondus
899 2286 1127 2381 argumentis
1145 2281 1285 2355 addere
1306 2305 1351 2355 ea
1368 2304 1408 2351 re
1425 2277 1560 2451 polle,
1588 2278 1650 2355 vd

644 2378 769 2465 ¹sidem
794 2389 973 2459 maiorem
1000 2380 1067 2457 fibi
1087 2388 1292 2485 amicisque
1319 2385 1430 2455 conci
1445 2385 1549 2473 iare,
1588 2380 1649 2457 vd

652 2488 808 2584 gratiam
837 2482 993 2560 alicuius
1023 2490 1216 2587 aucupari.
1279 2482 1384 2557 Idem
1410 2480 1508 2555 illud
1535 2486 1648 2559 Cice·

650 2608 786 2659 ronem
800 2582 935 2677 secisse,
955 2593 1084 2685 negari
1099 2592 1159 2661 vix
1171 2588 1320 2688 poterit:
1346 2588 1501 2674 etenim,
1518 2610 1646 2685 quum

651 2708 699 2759 ea
725 2682 840 2765 suerit
866 2714 954 2764 cum
979 2688 1159 2787 ¹Lucullo,
1206 2696 1363 2789 eiusque
1390 2684 1545 2777 socero,
1592 2688 1643 2783 Q.

648 2786 811 2861 Seruilio
837 2791 1042 2891 Caepione,
1062 2789 1308 2867 familiaritate
1332 2792 1580 2879 coniunctus,
1606 2806 1646 2863 rt

647 2896 685 2963 ei
705 2890 904 2964 Lucullum
925 2890 1045 2967 filium
1066 2911 1104 2969 et
1120 2916 1255 2995 pareus
1273 2908 1312 2965 et
1326 2914 1419 2961 auus
1436 2886 1640 2965 testamen·

647 3010 689 3065 to
711 2994 996 3069 commendaret
1029 2994 1104 3079 (de
1125 2998 1205 3069 Fin.
1230 2996 1301 3082 111,
1328 3017 1363 3065 a.
1387 2993 1501 3065 atae
1527 2994 1639 3081 XIII,

646 3095 727 3182 6·);
770 3121 967 3198 quumque
985 3094 1062 3196 ipse
1086 3093 1288 3171 Lucullum
1305 3091 1429 3168 secum
1446 3113 1486 3167 et
1505 3096 1641 3167 arnici·

646 3199 698 3267 tia
726 3212 765 3265 et
792 3204 897 3270 omni
924 3197 1144 3285 voluntate,
1197 3195 1376 3269 sententia
1404 3218 1451 3267 ue
1473 3200 1640 3269 coniun-

646 3314 750 3370 ctum
778 3320 891 3381 uocet
917 3297 988 3386 tde
1016 3300 1095 3369 Fin.
1125 3222 1638 3373 l..c.-0011.Plutareh.Lu-

645 3394 734 3473 cull.
758 3396 979 3485 cirasia),
1018 3401 1188 3498 tantique
1215 3396 1371 3477 feccrit,
1426 3416 1466 3471 vt
1484 3397 1637 3473 Acade-

644 3504 827 3574 micarum
854 3495 1114 3601 quaestionum
1138 3497 1276 3573 librum
1301 3503 1455 3573 nomine
1473 3503 1557 3571 eius
1579 3505 1637 3573 in·

645 3598 843 3700 scripserit:
885 3603 947 3673 cui
967 3624 1049 3674 non
1073 3599 1244 3675 videatur
1264 3600 1347 3676 sieri
1362 3596 1547 3703 potuisse,
1597 3620 1637 3676 rt

643 3698 711 3777 illo
733 3700 925 3801 praesente
958 3704 1076 3794 (narn
1096 3700 1244 3793 aderat,
1272 3723 1312 3778 vt
1332 3730 1379 3778 ex
1395 3700 1518 3797 verbio
1543 3728 1634 3807 cap.

645 3812 681 3887 4.
705 3802 943 3903 intelligitur:
970 3800 1085 3886 odell
1111 3809 1168 3877 vir
1181 3805 1346 3900 summa
1374 3809 1636 3881 auctoritate

643 3920 686 3974 et
702 3906 899 4006 religione
918 3907 1059 4006 ecstde
1074 3908 1121 3981 L.
1135 3908 1375 3995 Lucullus),
1407 3905 1456 3977 ad
1470 3910 1634 4003 gratiam

641 4000 745 4077 istam
761 4004 962 4080 verborum
985 4006 1292 4084 accommodaret
1310 4005 1541 4097 industriam,
1580 4028 1632 4099 et,

642 4104 735 4179 dum
768 4106 1042 4183 adolescentiae
1064 4104 1166 4209 spem
1201 4134 1289 4183 cum
1316 4114 1538 4184 auctoritate
1560 4114 1633 4185 viri

631 4205 842 4285 'consularis
858 4228 1098 4309 permutaret,
1124 4228 1258 4284 mutuo
1274 4216 1393 4283 amori
1436 4208 1631 4285 succulum

640 4317 775 4402 etiam,
813 4336 927 4411 quam
958 4310 1189 4387 concederet
1217 4319 1372 4401 ueritas,
1408 4238 1630 4411 largiretur.

641 4416 931 4536 Neque,taruen
952 4410 1028 4487 hoc
1048 4410 1226 4507 dixerim,
1250 4413 1468 4504 Lucullmn,
1495 4438 1632 4533 quam·

994 4530 1007 4541 ·
1572 4539 1632 4591 ris
