<?xml version="1.0" encoding="UTF-8"?>
<!DOCTYPE html PUBLIC "-//W3C//DTD XHTML 1.0 Transitional//EN"
    "http://www.w3.org/TR/xhtml1/DTD/xhtml1-transitional.dtd">
<html xmlns="http://www.w3.org/1999/xhtml" xml:lang="en" lang="en">
 <head>
  <title>
</title>
<meta http-equiv="Content-Type" content="text/html;charset=utf-8" />
  <meta name='ocr-system' content='tesseract 3.04.00' />
  <meta name='ocr-capabilities' content='ocr_page ocr_carea ocr_par ocr_line ocrx_word'/>
</head>
<body>
  <div class='ocr_page' id='page_1' title='image "./opusculavariaph00ilgegoog_0122.png"; bbox 0 0 3909 5792; ppageno 0'>
   <div class='ocr_carea' id='block_1_1' title="bbox 549 571 1069 614">
    <p class='ocr_par' dir='ltr' id='par_1_1' title="bbox 549 571 1069 614">
     <span class='ocr_line' id='line_1_1' title="bbox 549 571 1069 614; baseline 0.01 -5"><span class='ocrx_word' id='word_1_1' title='bbox 549 572 560 609; x_wconf 74' lang='lat' dir='ltr'>l</span> <span class='ocrx_word' id='word_1_2' title='bbox 880 571 1069 614; x_wconf 51' lang='grc'>252</span> 
     </span>
    </p>
   </div>
   <div class='ocr_carea' id='block_1_2' title="bbox 500 593 568 647">
    <p class='ocr_par' dir='ltr' id='par_1_2' title="bbox 500 593 568 647">
     <span class='ocr_line' id='line_1_2' title="bbox 500 593 568 647; baseline -0.029 -12"><span class='ocrx_word' id='word_1_3' title='bbox 500 593 568 647; x_wconf 77' lang='lat'>¹14</span> 
     </span>
    </p>
   </div>
   <div class='ocr_carea' id='block_1_3' title="bbox 437 748 1531 3673">
    <p class='ocr_par' dir='ltr' id='par_1_3' title="bbox 437 748 1531 3673">
     <span class='ocr_line' id='line_1_3' title="bbox 497 748 1466 863; baseline 0.003 -27"><span class='ocrx_word' id='word_1_4' title='bbox 497 786 569 851; x_wconf 86' lang='lat' dir='ltr'>rat,</span> <span class='ocrx_word' id='word_1_5' title='bbox 604 758 847 853; x_wconf 80' lang='lat' dir='ltr'>intersecit*).</span> <span class='ocrx_word' id='word_1_6' title='bbox 910 758 1093 847; x_wconf 79' lang='lat' dir='ltr'>1nb0110,</span> <span class='ocrx_word' id='word_1_7' title='bbox 1135 760 1240 859; x_wconf 92' lang='lat' dir='ltr'>quod</span> <span class='ocrx_word' id='word_1_8' title='bbox 1260 748 1466 863; x_wconf 72' lang='lat' dir='ltr'>paulopost</span> 
     </span>
     <span class='ocr_line' id='line_1_4' title="bbox 494 858 1469 963; baseline 0.003 -28"><span class='ocrx_word' id='word_1_9' title='bbox 494 873 590 936; x_wconf 86' lang='lat' dir='ltr'>inter</span> <span class='ocrx_word' id='word_1_10' title='bbox 607 864 677 936; x_wconf 80' lang='lat' dir='ltr'>hos</span> <span class='ocrx_word' id='word_1_11' title='bbox 695 862 857 961; x_wconf 86' lang='lat' dir='ltr'>populos</span> <span class='ocrx_word' id='word_1_12' title='bbox 877 858 1075 948; x_wconf 77' lang='lat' dir='ltr'>exarserat,</span> <span class='ocrx_word' id='word_1_13' title='bbox 1128 882 1260 936; x_wconf 90' lang='lat' dir='ltr'>contra</span> <span class='ocrx_word' id='word_1_14' title='bbox 1276 868 1389 963; x_wconf 86' lang='lat' dir='ltr'>patris</span> <span class='ocrx_word' id='word_1_15' title='bbox 1408 868 1469 938; x_wconf 56' lang='lat' dir='ltr'>voi</span> 
     </span>
     <span class='ocr_line' id='line_1_5' title="bbox 495 968 1474 1066; baseline 0.001 -29"><span class='ocrx_word' id='word_1_16' title='bbox 495 968 691 1052; x_wconf 87' lang='lat' dir='ltr'>luntatem,</span> <span class='ocrx_word' id='word_1_17' title='bbox 720 968 802 1062; x_wconf 89' lang='lat' dir='ltr'>qui,</span> <span class='ocrx_word' id='word_1_18' title='bbox 828 982 866 1034; x_wconf 82' lang='lat' dir='ltr'>vt</span> <span class='ocrx_word' id='word_1_19' title='bbox 882 988 969 1061; x_wconf 79' lang='lat' dir='ltr'>earn</span> <span class='ocrx_word' id='word_1_20' title='bbox 987 989 1009 1033; x_wconf 80' lang='lat' dir='ltr'>a</span> <span class='ocrx_word' id='word_1_21' title='bbox 1023 986 1147 1061; x_wconf 79' lang='lat' dir='ltr'>pugna</span> <span class='ocrx_word' id='word_1_22' title='bbox 1162 976 1333 1055; x_wconf 80' lang='lat' dir='ltr'>arceret,</span> <span class='ocrx_word' id='word_1_23' title='bbox 1353 986 1474 1066; x_wconf 77' lang='lat' dir='ltr'>equos</span> 
     </span>
     <span class='ocr_line' id='line_1_6' title="bbox 494 1060 1473 1161; baseline 0.002 -24"><span class='ocrx_word' id='word_1_24' title='bbox 494 1064 801 1153; x_wconf 86' lang='lat' dir='ltr'>abscondiderat,</span> <span class='ocrx_word' id='word_1_25' title='bbox 839 1060 955 1161; x_wconf 86' lang='lat' dir='ltr'>pedes</span> <span class='ocrx_word' id='word_1_26' title='bbox 973 1061 1008 1135; x_wconf 88' lang='lat' dir='ltr'>se</span> <span class='ocrx_word' id='word_1_27' title='bbox 1021 1060 1163 1161; x_wconf 86' lang='lat' dir='ltr'>praelio</span> <span class='ocrx_word' id='word_1_28' title='bbox 1185 1064 1404 1156; x_wconf 77' lang='lat' dir='ltr'>immiscuit,-</span> <span class='ocrx_word' id='word_1_29' title='bbox 1435 1084 1473 1138; x_wconf 88' lang='lat' dir='ltr'>et</span> 
     </span>
     <span class='ocr_line' id='line_1_7' title="bbox 492 1162 1474 1263; baseline 0 -24"><span class='ocrx_word' id='word_1_30' title='bbox 492 1165 672 1254; x_wconf 87' lang='lat' dir='ltr'>Mulium,</span> <span class='ocrx_word' id='word_1_31' title='bbox 715 1168 780 1263; x_wconf 86' lang='lat' dir='ltr'>qui</span> <span class='ocrx_word' id='word_1_32' title='bbox 795 1162 956 1236; x_wconf 89' lang='lat' dir='ltr'>summae</span> <span class='ocrx_word' id='word_1_33' title='bbox 972 1162 1130 1236; x_wconf 90' lang='lat' dir='ltr'>hostium</span> <span class='ocrx_word' id='word_1_34' title='bbox 1142 1185 1330 1262; x_wconf 78' lang='lat' dir='ltr'>praeerat,</span> <span class='ocrx_word' id='word_1_35' title='bbox 1373 1166 1474 1239; x_wconf 86' lang='lat' dir='ltr'>hasta</span> 
     </span>
     <span class='ocr_line' id='line_1_8' title="bbox 456 1264 1473 1369; baseline 0.004 -30"><span class='ocrx_word' id='word_1_36' title='bbox 456 1266 465 1277; x_wconf 85' lang='lat'>&#39;</span> <span class='ocrx_word' id='word_1_37' title='bbox 491 1264 701 1369; x_wconf 82' lang='lat' dir='ltr'>prostrauit,</span> <span class='ocrx_word' id='word_1_38' title='bbox 749 1269 905 1364; x_wconf 88' lang='lat' dir='ltr'>eiusque</span> <span class='ocrx_word' id='word_1_39' title='bbox 944 1289 1095 1337; x_wconf 89' lang='lat' dir='ltr'>currum</span> <span class='ocrx_word' id='word_1_40' title='bbox 1119 1264 1298 1363; x_wconf 87' lang='lat' dir='ltr'>praedam</span> <span class='ocrx_word' id='word_1_41' title='bbox 1335 1268 1473 1365; x_wconf 83' lang='lat' dir='ltr'>abegit.</span> 
     </span>
     <span class='ocr_line' id='line_1_9' title="bbox 491 1366 1474 1466; baseline -0.004 -23"><span class='ocrx_word' id='word_1_42' title='bbox 491 1368 595 1443; x_wconf 85' lang='lat' dir='ltr'>Alios</span> <span class='ocrx_word' id='word_1_43' title='bbox 625 1366 763 1439; x_wconf 90' lang='lat' dir='ltr'>deinde</span> <span class='ocrx_word' id='word_1_44' title='bbox 789 1371 1059 1466; x_wconf 79' lang='lat' dir='ltr'>quinquaginta</span> <span class='ocrx_word' id='word_1_45' title='bbox 1093 1390 1245 1455; x_wconf 90' lang='lat' dir='ltr'>currus,</span> <span class='ocrx_word' id='word_1_46' title='bbox 1285 1392 1356 1439; x_wconf 87' lang='lat' dir='ltr'>vna</span> <span class='ocrx_word' id='word_1_47' title='bbox 1384 1392 1474 1441; x_wconf 87' lang='lat' dir='ltr'>cum</span> 
     </span>
     <span class='ocr_line' id='line_1_10' title="bbox 494 1466 1473 1571; baseline -0.005 -28"><span class='ocrx_word' id='word_1_48' title='bbox 494 1474 619 1571; x_wconf 92' lang='lat' dir='ltr'>equis,</span> <span class='ocrx_word' id='word_1_49' title='bbox 652 1471 769 1566; x_wconf 84' lang='lat' dir='ltr'>cepit,</span> <span class='ocrx_word' id='word_1_50' title='bbox 796 1466 1022 1567; x_wconf 83' lang='lat' dir='ltr'>adquorum</span> <span class='ocrx_word' id='word_1_51' title='bbox 1042 1490 1231 1566; x_wconf 88' lang='lat' dir='ltr'>quemque</span> <span class='ocrx_word' id='word_1_52' title='bbox 1249 1466 1343 1539; x_wconf 90' lang='lat' dir='ltr'>duos</span> <span class='ocrx_word' id='word_1_53' title='bbox 1359 1472 1473 1539; x_wconf 85' lang='lat' dir='ltr'>etiam</span> 
     </span>
     <span class='ocr_line' id='line_1_11' title="bbox 495 1562 1473 1667; baseline -0.005 -24"><span class='ocrx_word' id='word_1_54' title='bbox 495 1562 692 1643; x_wconf 86' lang='lat' dir='ltr'>bellatores</span> <span class='ocrx_word' id='word_1_55' title='bbox 713 1568 878 1641; x_wconf 89' lang='lat' dir='ltr'>concidit</span> <span class='ocrx_word' id='word_1_56' title='bbox 891 1572 913 1656; x_wconf 88' lang='lat'>;&#39;</span> <span class='ocrx_word' id='word_1_57' title='bbox 941 1568 1088 1641; x_wconf 83' lang='lat' dir='ltr'>Actoris</span> <span class='ocrx_word' id='word_1_58' title='bbox 1109 1592 1263 1667; x_wconf 86' lang='lat' dir='ltr'>quoque</span> <span class='ocrx_word' id='word_1_59' title='bbox 1279 1567 1374 1641; x_wconf 87' lang='lat' dir='ltr'>filios</span> <span class='ocrx_word' id='word_1_60' title='bbox 1392 1564 1473 1639; x_wconf 91' lang='lat' dir='ltr'>sub·</span> 
     </span>
     <span class='ocr_line' id='line_1_12' title="bbox 492 1664 1472 1771; baseline -0.003 -29"><span class='ocrx_word' id='word_1_61' title='bbox 492 1668 639 1771; x_wconf 78' lang='lat' dir='ltr'>egisset,</span> <span class='ocrx_word' id='word_1_62' title='bbox 687 1664 894 1767; x_wconf 73' lang='lat' dir='ltr'>fortissimos</span> <span class='ocrx_word' id='word_1_63' title='bbox 907 1670 1064 1767; x_wconf 83' lang='lat' dir='ltr'>iuuenes</span> <span class='ocrx_word' id='word_1_64' title='bbox 1083 1687 1122 1741; x_wconf 86' lang='lat' dir='ltr'>et</span> <span class='ocrx_word' id='word_1_65' title='bbox 1134 1668 1298 1742; x_wconf 82' lang='lat' dir='ltr'>strenuos</span> <span class='ocrx_word' id='word_1_66' title='bbox 1315 1664 1472 1743; x_wconf 86' lang='lat' dir='ltr'>bellato-</span> 
     </span>
     <span class='ocr_line' id='line_1_13' title="bbox 491 1764 1472 1867; baseline -0.005 -23"><span class='ocrx_word' id='word_1_67' title='bbox 491 1796 573 1861; x_wconf 73' lang='lat' dir='ltr'>tes,</span> <span class='ocrx_word' id='word_1_68' title='bbox 617 1764 683 1841; x_wconf 87' lang='lat' dir='ltr'>nifi</span> <span class='ocrx_word' id='word_1_69' title='bbox 716 1772 883 1867; x_wconf 85' lang='lat' dir='ltr'>Neptuni</span> <span class='ocrx_word' id='word_1_70' title='bbox 917 1773 1133 1843; x_wconf 84' lang='lat' dir='ltr'>interuentu</span> <span class='ocrx_word' id='word_1_71' title='bbox 1174 1767 1362 1843; x_wconf 80' lang='lat' dir='ltr'>euafiffent</span> <span class='ocrx_word' id='word_1_72' title='bbox 1397 1772 1472 1860; x_wconf 85' lang='lat'><strong>**).</strong></span> 
     </span>
     <span class='ocr_line' id='line_1_14' title="bbox 493 1868 1475 1971; baseline 0 -30"><span class='ocrx_word' id='word_1_73' title='bbox 493 1875 624 1971; x_wconf 86' lang='lat' dir='ltr'>Quum</span> <span class='ocrx_word' id='word_1_74' title='bbox 648 1868 851 1969; x_wconf 86' lang='lat' dir='ltr'>aliquando</span> <span class='ocrx_word' id='word_1_75' title='bbox 877 1897 898 1945; x_wconf 92' lang='lat' dir='ltr'>a</span> <span class='ocrx_word' id='word_1_76' title='bbox 926 1869 1091 1969; x_wconf 84' lang='lat' dir='ltr'>Lapithis</span> <span class='ocrx_word' id='word_1_77' title='bbox 1114 1870 1269 1971; x_wconf 81' lang='lat' dir='ltr'>hospitio</span> <span class='ocrx_word' id='word_1_78' title='bbox 1291 1888 1475 1967; x_wconf 79' lang='lat' dir='ltr'>exceptus</span> 
     </span>
     <span class='ocr_line' id='line_1_15' title="bbox 493 1968 1473 2071; baseline -0.005 -27"><span class='ocrx_word' id='word_1_79' title='bbox 493 1970 602 2061; x_wconf 84' lang='lat' dir='ltr'>esset,</span> <span class='ocrx_word' id='word_1_80' title='bbox 647 1968 767 2069; x_wconf 86' lang='lat' dir='ltr'>iisque</span> <span class='ocrx_word' id='word_1_81' title='bbox 781 1996 869 2044; x_wconf 90' lang='lat' dir='ltr'>cum</span> <span class='ocrx_word' id='word_1_82' title='bbox 888 1973 1082 2065; x_wconf 82' lang='lat' dir='ltr'>Centauris</span> <span class='ocrx_word' id='word_1_83' title='bbox 1105 1969 1193 2069; x_wconf 76' lang='lat' dir='ltr'>ess&#39;et</span> <span class='ocrx_word' id='word_1_84' title='bbox 1212 1970 1473 2071; x_wconf 80' lang='lat' dir='ltr'>pugnandum,</span> 
     </span>
     <span class='ocr_line' id='line_1_16' title="bbox 490 2068 1476 2165; baseline -0.001 -20"><span class='ocrx_word' id='word_1_85' title='bbox 490 2072 571 2145; x_wconf 89' lang='lat' dir='ltr'>non</span> <span class='ocrx_word' id='word_1_86' title='bbox 593 2074 761 2144; x_wconf 83' lang='lat' dir='ltr'>extimuit</span> <span class='ocrx_word' id='word_1_87' title='bbox 780 2076 960 2144; x_wconf 87' lang='lat' dir='ltr'>immanes</span> <span class='ocrx_word' id='word_1_88' title='bbox 979 2069 1059 2143; x_wconf 87' lang='lat' dir='ltr'>istas</span> <span class='ocrx_word' id='word_1_89' title='bbox 1075 2070 1241 2165; x_wconf 79' lang='lat' dir='ltr'>belluas,</span> <span class='ocrx_word' id='word_1_90' title='bbox 1282 2070 1346 2145; x_wconf 88' lang='lat' dir='ltr'>sed</span> <span class='ocrx_word' id='word_1_91' title='bbox 1360 2068 1476 2144; x_wconf 88' lang='lat' dir='ltr'>talem</span> 
     </span>
     <span class='ocr_line' id='line_1_17' title="bbox 491 2166 1470 2274; baseline -0.004 -27"><span class='ocrx_word' id='word_1_92' title='bbox 491 2168 527 2269; x_wconf 80' lang='lat' dir='ltr'>se</span> <span class='ocrx_word' id='word_1_93' title='bbox 540 2166 715 2273; x_wconf 80' lang='lat' dir='ltr'>praestitit</span> <span class='ocrx_word' id='word_1_94' title='bbox 732 2170 878 2246; x_wconf 86' lang='lat' dir='ltr'>sortiter</span> <span class='ocrx_word' id='word_1_95' title='bbox 890 2172 1117 2271; x_wconf 86' lang='lat' dir='ltr'>pugnando,</span> <span class='ocrx_word' id='word_1_96' title='bbox 1159 2174 1312 2274; x_wconf 87' lang='lat' dir='ltr'>&#39;qualem</span> <span class='ocrx_word' id='word_1_97' title='bbox 1325 2198 1470 2263; x_wconf 87' lang='lat' dir='ltr'>eorum,</span> 
     </span>
     <span class='ocr_line' id='line_1_18' title="bbox 437 2270 1531 2375; baseline 0 -30"><span class='ocrx_word' id='word_1_98' title='bbox 437 2270 440 2279; x_wconf 81' lang='lat'>&#39;</span> <span class='ocrx_word' id='word_1_99' title='bbox 491 2271 628 2375; x_wconf 83' lang='lat' dir='ltr'>quibus</span> <span class='ocrx_word' id='word_1_100' title='bbox 648 2298 753 2347; x_wconf 88' lang='lat' dir='ltr'>nunc</span> <span class='ocrx_word' id='word_1_101' title='bbox 777 2270 812 2345; x_wconf 90' lang='lat' dir='ltr'>se</span> <span class='ocrx_word' id='word_1_102' title='bbox 839 2280 1004 2347; x_wconf 90' lang='lat' dir='ltr'>cinctum</span> <span class='ocrx_word' id='word_1_103' title='bbox 1026 2274 1147 2366; x_wconf 78' lang='lat' dir='ltr'>videt,</span> <span class='ocrx_word' id='word_1_104' title='bbox 1198 2273 1328 2375; x_wconf 80' lang='lat' dir='ltr'>siquis</span> <span class='ocrx_word' id='word_1_105' title='bbox 1346 2272 1471 2363; x_wconf 87' lang='lat' dir='ltr'>vellet,</span> <span class='ocrx_word' id='word_1_106' title='bbox 1527 2338 1531 2345; x_wconf 93' lang='lat'><em>.</em></span> 
     </span>
     <span class='ocr_line' id='line_1_19' title="bbox 519 2372 1474 2477; baseline 0.001 -31"><span class='ocrx_word' id='word_1_107' title='bbox 519 2372 593 2447; x_wconf 83' lang='lat' dir='ltr'>offe</span> <span class='ocrx_word' id='word_1_108' title='bbox 607 2373 784 2446; x_wconf 84' lang='lat' dir='ltr'>audacter</span> <span class='ocrx_word' id='word_1_109' title='bbox 801 2394 913 2477; x_wconf 76' lang='lat' dir='ltr'>negat</span> <span class='ocrx_word' id='word_1_110' title='bbox 930 2378 1022 2469; x_wconf 81' lang='lat'><strong>***).</strong></span> <span class='ocrx_word' id='word_1_111' title='bbox 1087 2378 1136 2449; x_wconf 86' lang='lat' dir='ltr'>At</span> <span class='ocrx_word' id='word_1_112' title='bbox 1150 2400 1230 2449; x_wconf 90' lang='lat' dir='ltr'>non</span> <span class='ocrx_word' id='word_1_113' title='bbox 1246 2380 1286 2448; x_wconf 90' lang='lat' dir='ltr'>in</span> <span class='ocrx_word' id='word_1_114' title='bbox 1302 2372 1402 2447; x_wconf 91' lang='lat' dir='ltr'>bello</span> <span class='ocrx_word' id='word_1_115' title='bbox 1415 2372 1474 2447; x_wconf 92' lang='lat' dir='ltr'>so·</span> 
     </span>
     <span class='ocr_line' id='line_1_20' title="bbox 488 2402 1474 2576; baseline 0.003 -28"><span class='ocrx_word' id='word_1_116' title='bbox 488 2402 586 2566; x_wconf 71' lang='lat' dir='ltr'>ssim,</span> <span class='ocrx_word' id='word_1_117' title='bbox 613 2474 767 2549; x_wconf 84' lang='lat' dir='ltr'>victoria</span> <span class='ocrx_word' id='word_1_118' title='bbox 781 2475 922 2573; x_wconf 84' lang='lat' dir='ltr'>saepius</span> <span class='ocrx_word' id='word_1_119' title='bbox 939 2466 1144 2576; x_wconf 79' lang='lat' dir='ltr'>reportata,</span> <span class='ocrx_word' id='word_1_120' title='bbox 1165 2476 1314 2567; x_wconf 79' lang='lat' dir='ltr'>claruit,</span> <span class='ocrx_word' id='word_1_121' title='bbox 1341 2500 1474 2551; x_wconf 89' lang='lat' dir='ltr'>verum</span> 
     </span>
     <span class='ocr_line' id='line_1_21' title="bbox 489 2580 1471 2675; baseline 0 -26"><span class='ocrx_word' id='word_1_122' title='bbox 489 2580 601 2671; x_wconf 76' lang='lat' dir='ltr'>etiam</span> <span class='ocrx_word' id='word_1_123' title='bbox 620 2580 659 2647; x_wconf 91' lang='lat' dir='ltr'>in</span> <span class='ocrx_word' id='word_1_124' title='bbox 676 2581 778 2675; x_wconf 86' lang='lat' dir='ltr'>pacis</span> <span class='ocrx_word' id='word_1_125' title='bbox 793 2581 988 2649; x_wconf 86' lang='lat' dir='ltr'>exercitiis.</span> <span class='ocrx_word' id='word_1_126' title='bbox 1040 2582 1171 2674; x_wconf 84' lang='lat' dir='ltr'>Quum</span> <span class='ocrx_word' id='word_1_127' title='bbox 1183 2582 1223 2651; x_wconf 90' lang='lat' dir='ltr'>in</span> <span class='ocrx_word' id='word_1_128' title='bbox 1235 2584 1471 2671; x_wconf 83' lang='lat' dir='ltr'>Amaryncei,</span> 
     </span>
     <span class='ocr_line' id='line_1_22' title="bbox 486 2668 1473 2783; baseline 0.004 -34"><span class='ocrx_word' id='word_1_129' title='bbox 486 2668 683 2783; x_wconf 18' lang='lat' dir='ltr'>Baupu&#39;rasior</span> <span class='ocrx_word' id='word_1_130' title='bbox 734 2682 874 2775; x_wconf 78' lang='lat' dir='ltr'>tregia,</span> <span class='ocrx_word' id='word_1_131' title='bbox 904 2676 1058 2770; x_wconf 85' lang='lat' dir='ltr'>sunere,</span> <span class='ocrx_word' id='word_1_132' title='bbox 1087 2700 1124 2753; x_wconf 87' lang='lat' dir='ltr'>vt</span> <span class='ocrx_word' id='word_1_133' title='bbox 1141 2706 1222 2753; x_wconf 91' lang='lat' dir='ltr'>mos</span> <span class='ocrx_word' id='word_1_134' title='bbox 1236 2700 1336 2775; x_wconf 83' lang='lat' dir='ltr'>erat,</span> <span class='ocrx_word' id='word_1_135' title='bbox 1380 2678 1473 2753; x_wconf 63' lang='lat' dir='ltr'>soless</span> 
     </span>
     <span class='ocr_line' id='line_1_23' title="bbox 487 2703 1471 2950; baseline 0.001 -98"><span class='ocrx_word' id='word_1_136' title='bbox 487 2776 595 2881; x_wconf 72' lang='lat' dir='ltr'>mnes</span> <span class='ocrx_word' id='word_1_137' title='bbox 610 2703 787 2950; x_wconf 29' lang='lat' dir='ltr'>defin</span> <span class='ocrx_word' id='word_1_138' title='bbox 799 2778 890 2867; x_wconf 89' lang='lat' dir='ltr'>ludi,</span> <span class='ocrx_word' id='word_1_139' title='bbox 918 2802 1061 2871; x_wconf 83' lang='lat' dir='ltr'>omnes,</span> <span class='ocrx_word' id='word_1_140' title='bbox 1092 2800 1282 2882; x_wconf 87' lang='lat' dir='ltr'>quotquot</span> <span class='ocrx_word' id='word_1_141' title='bbox 1300 2806 1346 2853; x_wconf 87' lang='lat' dir='ltr'>ex</span> <span class='ocrx_word' id='word_1_142' title='bbox 1362 2780 1471 2873; x_wconf 79' lang='lat' dir='ltr'>Pylo,</span> 
     </span>
     <span class='ocr_line' id='line_1_24' title="bbox 487 2876 1472 2981; baseline 0.001 -29"><span class='ocrx_word' id='word_1_143' title='bbox 487 2878 596 2967; x_wconf 86' lang='lat' dir='ltr'>Elide</span> <span class='ocrx_word' id='word_1_144' title='bbox 616 2898 654 2951; x_wconf 89' lang='lat' dir='ltr'>et</span> <span class='ocrx_word' id='word_1_145' title='bbox 705 2877 816 2951; x_wconf 85' lang='lat' dir='ltr'>etolia</span> <span class='ocrx_word' id='word_1_146' title='bbox 833 2884 1014 2953; x_wconf 80' lang='lat' dir='ltr'>venerant</span> <span class='ocrx_word' id='word_1_147' title='bbox 1025 2937 1034 2971; x_wconf 93' lang='lat'>,</span> <span class='ocrx_word' id='word_1_148' title='bbox 1054 2881 1223 2981; x_wconf 72' lang='lat' dir='ltr'>pugileS,</span> <span class='ocrx_word' id='word_1_149' title='bbox 1253 2876 1472 2977; x_wconf 78' lang='lat' dir='ltr'>luctatores,</span> 
     </span>
     <span class='ocr_line' id='line_1_25' title="bbox 490 2974 1475 3083; baseline 0.001 -29"><span class='ocrx_word' id='word_1_150' title='bbox 490 2974 679 3068; x_wconf 78' lang='lat' dir='ltr'>cursores,</span> <span class='ocrx_word' id='word_1_151' title='bbox 705 2976 946 3071; x_wconf 78' lang='lat' dir='ltr'>iaculatores,</span> <span class='ocrx_word' id='word_1_152' title='bbox 968 2982 1171 3081; x_wconf 74' lang='lat' dir='ltr'>inperauit,</span> <span class='ocrx_word' id='word_1_153' title='bbox 1200 2982 1368 3083; x_wconf 85' lang='lat' dir='ltr'>pugilatu</span> <span class='ocrx_word' id='word_1_154' title='bbox 1386 2982 1475 3077; x_wconf 81' lang='lat' dir='ltr'>cly-</span> 
     </span>
     <span class='ocr_line' id='line_1_26' title="bbox 487 3066 1471 3184; baseline 0.005 -32"><span class='ocrx_word' id='word_1_155' title='bbox 487 3066 706 3170; x_wconf 69' lang='lat' dir='ltr'>tltmedem,</span> <span class='ocrx_word' id='word_1_156' title='bbox 751 3080 853 3154; x_wconf 90' lang='lat' dir='ltr'>lucta</span> <span class='ocrx_word' id='word_1_157' title='bbox 884 3082 1097 3171; x_wconf 85' lang='lat' dir='ltr'>Ancaeum,</span> <span class='ocrx_word' id='word_1_158' title='bbox 1143 3086 1249 3159; x_wconf 89' lang='lat' dir='ltr'>cursu</span> <span class='ocrx_word' id='word_1_159' title='bbox 1271 3084 1471 3184; x_wconf 88' lang='lat' dir='ltr'>Iphiclum‚</span> 
     </span>
     <span class='ocr_line' id='line_1_27' title="bbox 488 3181 1473 3281; baseline 0.009 -30"><span class='ocrx_word' id='word_1_160' title='bbox 488 3200 568 3257; x_wconf 87' lang='lat' dir='ltr'>arte</span> <span class='ocrx_word' id='word_1_161' title='bbox 588 3181 775 3275; x_wconf 78' lang='lat' dir='ltr'>iaculandi</span> <span class='ocrx_word' id='word_1_162' title='bbox 795 3181 977 3276; x_wconf 83' lang='lat' dir='ltr'>Phyleum</span> <span class='ocrx_word' id='word_1_163' title='bbox 998 3205 1036 3257; x_wconf 88' lang='lat' dir='ltr'>et</span> <span class='ocrx_word' id='word_1_164' title='bbox 1057 3185 1309 3281; x_wconf 85' lang='lat' dir='ltr'>Polydorum,</span> <span class='ocrx_word' id='word_1_165' title='bbox 1362 3186 1473 3260; x_wconf 90' lang='lat' dir='ltr'>cursu</span> 
     </span>
     <span class='ocr_line' id='line_1_28' title="bbox 488 3282 1471 3387; baseline 0.012 -35"><span class='ocrx_word' id='word_1_166' title='bbox 488 3286 635 3387; x_wconf 53' lang='lat' dir='ltr'>tangunt</span> <span class='ocrx_word' id='word_1_167' title='bbox 647 3368 656 3375; x_wconf 93' lang='lat'>..</span> <span class='ocrx_word' id='word_1_168' title='bbox 665 3284 875 3383; x_wconf 73' lang='lat' dir='ltr'>praemium</span> <span class='ocrx_word' id='word_1_169' title='bbox 906 3282 985 3359; x_wconf 83' lang='lat' dir='ltr'>non</span> <span class='ocrx_word' id='word_1_170' title='bbox 1010 3286 1098 3359; x_wconf 80' lang='lat' dir='ltr'>&#39;tulit</span> <span class='ocrx_word' id='word_1_171' title='bbox 1130 3286 1177 3358; x_wconf 87' lang='lat' dir='ltr'>ab</span> <span class='ocrx_word' id='word_1_172' title='bbox 1208 3291 1353 3362; x_wconf 81' lang='lat' dir='ltr'>Actoris</span> <span class='ocrx_word' id='word_1_173' title='bbox 1379 3286 1471 3364; x_wconf 83' lang='lat' dir='ltr'>siliis</span> 
     </span>
     <span class='ocr_line' id='line_1_29' title="bbox 486 3382 1471 3491; baseline 0.006 -34"><span class='ocrx_word' id='word_1_174' title='bbox 486 3382 727 3487; x_wconf 61' lang='lat' dir='ltr'>praereptum</span> <span class='ocrx_word' id='word_1_175' title='bbox 744 3388 790 3478; x_wconf 66' lang='grc' dir='ltr'>Ἴ.</span> <span class='ocrx_word' id='word_1_176' title='bbox 842 3384 1048 3489; x_wconf 34' lang='grc' dir='ltr'>Ῑειιῃιῑαοίἰο</span> <span class='ocrx_word' id='word_1_177' title='bbox 1064 3384 1257 3491; x_wconf 75' lang='lat' dir='ltr'>intellectu</span> <span class='ocrx_word' id='word_1_178' title='bbox 1276 3386 1348 3485; x_wconf 78' lang='lat' dir='ltr'>est,</span> <span class='ocrx_word' id='word_1_179' title='bbox 1372 3416 1471 3491; x_wconf 91' lang='lat' dir='ltr'>quo·</span> 
     </span>
     <span class='ocr_line' id='line_1_30' title="bbox 485 3474 1469 3592; baseline 0.01 -39"><span class='ocrx_word' id='word_1_180' title='bbox 485 3480 658 3563; x_wconf 79' lang='lat' dir='ltr'>modain</span> <span class='ocrx_word' id='word_1_181' title='bbox 672 3482 814 3561; x_wconf 81' lang='lat' dir='ltr'>surnma</span> <span class='ocrx_word' id='word_1_182' title='bbox 829 3474 1019 3567; x_wconf 73' lang='lat' dir='ltr'>senectute</span> <span class='ocrx_word' id='word_1_183' title='bbox 1038 3489 1088 3567; x_wconf 82' lang='lat' dir='ltr'>ad</span> <span class='ocrx_word' id='word_1_184' title='bbox 1100 3490 1254 3567; x_wconf 77' lang='lat' dir='ltr'>Troiam</span> <span class='ocrx_word' id='word_1_185' title='bbox 1267 3490 1469 3592; x_wconf 80' lang='lat' dir='ltr'>proficisci,</span> 
     </span>
     <span class='ocr_line' id='line_1_31' title="bbox 1429 3614 1472 3673; baseline 0 0"><span class='ocrx_word' id='word_1_186' title='bbox 1429 3614 1472 3673; x_wconf 65' lang='lat'>0&amp;</span> 
     </span>
    </p>
   </div>
   <div class='ocr_carea' id='block_1_4' title="bbox 500 3786 954 4074">
    <p class='ocr_par' dir='ltr' id='par_1_4' title="bbox 500 3786 954 4074">
     <span class='ocr_line' id='line_1_32' title="bbox 521 3786 954 3926; baseline -0.012 -29"><span class='ocrx_word' id='word_1_187' title='bbox 521 3790 568 3921; x_wconf 55' lang='lat'>3)</span> <span class='ocrx_word' id='word_1_188' title='bbox 590 3786 687 3917; x_wconf 63' lang='lat' dir='ltr'>iliad,</span> <span class='ocrx_word' id='word_1_189' title='bbox 707 3806 753 3904; x_wconf 67' lang='lat' dir='ltr'>a,</span> <span class='ocrx_word' id='word_1_190' title='bbox 774 3796 954 3926; x_wconf 54' lang='grc'>669676</span> 
     </span>
     <span class='ocr_line' id='line_1_33' title="bbox 500 3982 933 4074; baseline 0.016 -27"><span class='ocrx_word' id='word_1_191' title='bbox 500 3984 560 4074; x_wconf 76' lang='lat'>**)</span> <span class='ocrx_word' id='word_1_192' title='bbox 585 3982 678 4051; x_wconf 73' lang='lat' dir='ltr'>naa.</span> <span class='ocrx_word' id='word_1_193' title='bbox 691 3984 729 4060; x_wconf 84' lang='lat' dir='ltr'>a,</span> <span class='ocrx_word' id='word_1_194' title='bbox 750 3986 843 4069; x_wconf 85' lang='lat'><strong>706-</strong></span> <span class='ocrx_word' id='word_1_195' title='bbox 858 3989 933 4074; x_wconf 80' lang='lat'>751.</span> 
     </span>
    </p>
   </div>
   <div class='ocr_carea' id='block_1_5' title="bbox 391 4136 947 4383">
    <p class='ocr_par' dir='ltr' id='par_1_5' title="bbox 391 4136 978 4383">
     <span class='ocr_line' id='line_1_34' title="bbox 391 4136 947 4230; baseline 0.011 -29"><span class='ocrx_word' id='word_1_196' title='bbox 391 4196 394 4201; x_wconf 89' lang='lat'>.</span> <span class='ocrx_word' id='word_1_197' title='bbox 480 4140 566 4229; x_wconf 62' lang='lat' dir='ltr'>aaa)</span> <span class='ocrx_word' id='word_1_198' title='bbox 583 4136 738 4211; x_wconf 76' lang='lat' dir='ltr'>Iliada,</span> <span class='ocrx_word' id='word_1_199' title='bbox 762 4138 836 4205; x_wconf 81' lang='lat'><strong>260.</strong></span> <span class='ocrx_word' id='word_1_200' title='bbox 857 4136 947 4230; x_wconf 86' lang='lat' dir='ltr'>seqq.</span> 
     </span>
     <span class='ocr_line' id='line_1_35' title="bbox 522 4274 848 4383; baseline -0.007 -15"><span class='ocrx_word' id='word_1_201' title='bbox 522 4274 748 4383; x_wconf 69' lang='lat' dir='ltr'>‘iniat-i,</span> <span class='ocrx_word' id='word_1_202' title='bbox 773 4292 848 4363; x_wconf 78' lang='lat' dir='ltr'>ato.</span> 
     </span>
    </p>
   </div>
   <div class='ocr_carea' id='block_1_6' title="bbox 0 0 1960 5792">
    <p class='ocr_par' dir='ltr' id='par_1_6' title="bbox 0 0 1960 5792">
     <span class='ocr_line' id='line_1_36' title="bbox 0 0 1960 5792; baseline 0 7"><span class='ocrx_word' id='word_1_203' title='bbox 0 0 1960 5792; x_wconf 95' lang='lat' dir='ltr'> </span> 
     </span>
    </p>
   </div>
  </div>
 </body>
</html>
