3909 5792
647 822 699 905 9⁹
1026 802 1226 849 m

646 1001 740 1109 quid
763 994 942 1102 ponderis
956 992 1111 1071 habebit
1126 994 1208 1073 laun
1232 998 1405 1074 Luculli?
1444 1007 1557 1079 Nam
1582 1006 1647 1085 eth

644 1104 709 1179 bic
736 1128 817 1177 non
839 1097 955 1172 modo
983 1123 1042 1172 res
1063 1097 1199 1199 gestas,
1242 1100 1306 1175 led
1328 1106 1443 1177 etiarn
1467 1108 1646 1187 lindiam

644 1227 760 1309 arque
781 1224 889 1276 aures
908 1198 1123 1291 adhiberet,
1157 1228 1228 1303 pro
1252 1223 1356 1279 certo
1382 1224 1519 1281 tamen
1547 1214 1645 1287 ahir-

643 1331 748 1383 mare
775 1298 908 1388 ausnn,
960 1328 1050 1375 eura
1080 1328 1127 1376 ea
1153 1302 1309 1403 gloriae,
1352 1333 1454 1407 quam
1481 1338 1567 1410 per
1580 1322 1646 1389 Ar-

644 1408 752 1485 cbiae
785 1409 951 1479 carmina
976 1408 1012 1477 ei
1036 1404 1265 1493 accedebat,
1305 1408 1465 1481 modula
1504 1422 1643 1491 omnia

643 1506 851 1586 dimensum
870 1502 960 1593 elle,
988 1525 1026 1579 et
1042 1503 1190 1581 valuille
1214 1508 1262 1581 de
1279 1533 1344 1598 eo,
1372 1513 1484 1611 qnod
1504 1540 1643 1592 orator

642 1608 750 1686 affert
772 1608 821 1682 de
843 1604 1114 1697 Themistocle,
1161 1613 1239 1681 eins
1262 1634 1393 1683 vocem
1416 1638 1513 1687 curn
1533 1626 1640 1693 anili.

641 1709 728 1787 Vllle
754 1706 1008 1798 llbenlllllme,
1044 1736 1068 1784 a
1091 1734 1169 1810 quo
1194 1716 1308 1784 virtus
1336 1711 1449 1810 lpllus
1480 1727 1639 1820 optime

639 1810 930 1918 praedicaretur.
982 1814 1065 1885 Nec
1083 1814 1265 1884 maiorem
1285 1811 1421 1886 habere
1444 1840 1637 1915 poterunt

639 1914 918 2000 auctoritatem,
941 1909 1104 2002 Metelli,
1129 1913 1349 1985 Numidicus
1371 1934 1408 1986 ct
1431 1920 1541 2013 l'ius,
1580 1930 1633 1999 M.

639 2010 835 2101 Aemilius,
860 2012 908 2109 Q.
930 2008 1105 2103 Cabrlur,
1129 2030 1236 2113 pater
1255 2034 1293 2087 ct
1306 2014 1423 2107 lilius,
1452 2025 1494 2093 L.
1525 2032 1636 2101 Cras.

638 2114 714 2195 sus,
731 2116 844 2203 Cato,
871 2110 1067 2205 Hortensii,
1094 2116 1256 2205 Octauii,
1283 2122 1348 2221 qui
1364 2116 1516 2198 suanno
1543 2156 1637 2229 poe-

638 2211 1127 2291 tamafficiebanthonorc:
1168 2244 1299 2291 ornnes
1327 2227 1427 2293 enirn
1459 2230 1632 2303 Romani

637 2335 766 2405 erant,
793 2314 868 2390 hoc
887 2316 957 2406 el't,
992 2315 1169 2411 ‚homines
1195 2344 1319 2393 rerum
1343 2320 1496 2400 fortiter
1515 2333 1634 2429 gella·

636 2445 721 2494 rura
743 2441 823 2493 noa
848 2422 990 2506 minus,
1027 2418 1423 2526 quantuncunque
1452 2427 1627 2522 honoris,

634 2522 702 2622 qui
727 2522 818 2592 eiust
875 2518 913 2592 di
936 2519 1047 2593 rebus
1074 2541 1327 2621 comparatur,
1381 2532 1627 2626 cupidill'rnri,

634 2642 673 2694 et
689 2625 728 2695 in
748 2544 871 2693 rebao
884 2620 934 2695 ad
966 2620 1230 2696 mansuetiores
1256 2622 1378 2697 lllulas
1397 2637 1629 2723 perrinenti·

633 2720 724 2811 bus,
775 2740 814 2793 vt
838 2720 1040 2823 plurimum
1061 2728 1315 2798 coecntientes
1338 2748 1376 2799 et·
1394 2734 1550 2808 iudices
1572 2744 1626 2811 in·

631 2828 721 2926 epti.
797 2824 922 2896 Houro
954 2816 1253 2919 αὐτοσχεδιωστιίι·
1276 2831 1624 2929 (irnprnnpyinore

630 2942 769 2999 vocent
790 2922 911 3014 ltalit,
939 2922 1059 3028 qualis
1086 2924 1239 3001 Archias
1277 2948 1374 3019 erat,
1404 2940 1475 3031 qui
1500 2939 1623 3013 dere·

629 3022 723 3114 bus,
749 3050 848 3127 quae
879 3044 959 3102 tunt
980 3027 1203 3125 agebantur,
1247 3028 1374 3103 dicere
1393 3056 1554 3132 poterat
1572 3064 1619 3113 ex

629 3146 821 3228 ternpore,
869 3132 954 3229 qui,
999 3133 1146 3232 quotics
1170 3128 1414 3229 poscebatur,
1449 3140 1620 3215 eandem

628 3254 710 3304 retu
731 3227 924 3328 repetebat
939 3234 1174 3303 commutatis
1195 3230 1316 3305 verbis
1333 3253 1451 3337 atque
1465 3238 1617 3317 senten·

626 3335 706 3421 tiht,
745 3335 830 3433 qui,
881 3328 986 3404 llurul
1016 3350 1130 3430 atque
1158 3330 1302 3433 aliquid
1325 3342 1466 3434 gelturn
1492 3363 1614 3417 erata

656 3430 818 3507 raeclnro
837 3433 936 3512 viro,
957 3430 997 3504 id
1020 3430 1136 3505 lbnirn
1160 3437 1484 3513 commemorabat
1504 3445 1617 3517 verli·

625 3457 721 3624 bus,
760 3533 862 3634 apud
895 3538 1088 3607 Ciceronis
1116 3534 1320 3635 populares
1349 3544 1482 3617 rnaiori
1499 3542 1616 3623 llore-

625 3656 701 3726 ret,
727 3631 871 3709 necellc
890 3654 988 3724 erat,
1015 3640 1130 3733 gratia
1151 3657 1189 3708 nt
1210 3634 1343 3727 laude,
1391 3668 1508 3741 qnam
1531 3647 1614 3723 cul·

624 3736 774 3813 till'rrnns
800 3756 933 3834 poeta,
982 3743 1043 3812 cni
1074 3735 1272 3835 benignior
1303 3740 1461 3815 lluxill'et
1496 3770 1610 3841 vena,

622 3836 685 3913 sal
717 3836 876 3926 tardior,
930 3856 969 3912 et
1011 3843 1076 3945 qni
1100 3837 1172 3912 adia
1193 3843 1320 3913 omnia
1339 3842 1611 3943 elegantilbrae

620 3934 698 4013 srue
714 3941 913 4011 Homerica
939 3938 1106 4015 dictione
1132 3937 1207 4013 hue
1229 3940 1424 4017 Pindarica
1448 3953 1611 4025 cecinis-

619 4036 692 4127 set,
719 4034 875 4113 sednon
893 4044 1150 4117 Romanor-nra
1166 4039 1309 4115 laudes.
1360 4048 1408 4118 Et
1424 4048 1605 4145 profecto

618 4137 715 4215 baec
733 4136 807 4236 ipl'a
830 4140 937 4212 caul'a
961 4138 1030 4229 eli,
1069 4161 1109 4211 vt
1131 4144 1266 4219 Cicero
1289 4164 1491 4245 tantopere
1513 4176 1607 4251 poe·

618 4258 696 4317 tam
716 4236 865 4315 laudet:
890 4239 1059 4341 sperabat
1078 4246 1197 4332 eninr,
1220 4242 1321 4336 lore,
1347 4268 1405 4336 vt,
1432 4274 1529 4351 quas
1544 4278 1606 4327 ret

617 4346 659 4419 in
682 4338 873 4419 consulatu
908 4336 1077 4440 gelbllet,
1119 4368 1248 4418 earum
1267 4370 1339 4445 per
1358 4348 1540 4429 Archiam
1553 4359 1607 4429 vi·

619 4467 688 4517 vus
708 4442 894 4523 frueretur
915 4440 1045 4547 gloria.
1096 4444 1180 4550 Ipse
1199 4449 1302 4523 enim
1324 4446 1416 4525 dicit
1431 4476 1519 4552 cap.
1549 4484 1609 4531 rr.

1489 4558 1608 4630 Nam
