3909 5792
1113 774 1176 845 vt.

668 973 887 1073 ·.·Caasae,
925 996 995 1043 cur
1022 969 1163 1040 chorus
1185 985 1348 1039 tantam
1374 975 1450 1043 rim
1472 980 1584 1075 asacd

863 1170 1041 1243 Graecos
1065 1169 1217 1243 habere
1235 1172 1428 1269 polluerit.

662 1502 664 1506 ·
752 1491 882 1581 Quum
899 1480 1056 1571 suerint,
1085 1485 1150 1583 qui
1163 1482 1268 1560 chori
1284 1484 1385 1558 vsum
1397 1489 1437 1559 in
1450 1494 1633 1560 recentio-

653 1616 734 1663 rum
759 1584 947 1683 tragoedia
965 1580 1190 1677 abnegantes
1208 1612 1254 1685 eo
1266 1585 1544 1685 procederent,
1593 1608 1634 1661 vt

653 1692 872 1775 statuerent,
924 1688 999 1756 vim
1022 1689 1099 1757 eius
1121 1688 1231 1757 etiam
1246 1690 1285 1757 in
1299 1707 1466 1759 veterum
1482 1686 1632 1760 theatris

654 1808 733 1881 nou
755 1808 893 1861 tantam
910 1805 947 1858 et
968 1805 1044 1859 tam
1060 1785 1314 1861 admirabilem
1327 1785 1451 1878 fuisse,
1493 1808 1634 1888 quanta

653 1890 766 1987 talgo
784 1888 871 1961 serti
885 1884 1034 1959 soleret:
1062 1913 1151 1987 ege,
1179 1898 1229 1961 ite
1239 1893 1340 1961 inani
1353 1887 1471 1963 studio
1486 1888 1633 1962 iaetall'e

654 1994 800 2080 videar,
845 2014 949 2090 quae
967 1989 1015 2061 de
1035 1987 1188 2061 vtitttate
1204 1988 1310 2063 chori
1329 1989 1454 2079 attuli,
1505 2016 1632 2062 meum

656 2092 727 2167 elle
747 2092 855 2179 dari,
897 2088 945 2162 de
963 2086 1099 2177 caulis,
1138 2089 1273 2191 quibus
1288 2088 1440 2189 probari
1452 2088 1633 2163 sententia

656 2214 739 2268 ntea
750 2191 877 2292 pollet,
895 2189 1002 2264 breui
1018 2188 1219 2289 exponere.
1271 2194 1349 2263 lam
1365 2196 1526 2291 primunt
1544 2217 1633 2262 con-

657 2295 722 2369 stat
745 2296 928 2381 Graecae,
973 2289 1036 2364 snb
1059 2289 1246 2390 pursssurto
1269 2311 1306 2365 et
1326 2291 1532 2365 tenuissimo
1547 2316 1634 2365 aere

657 2415 791 2483 natoS,
838 2418 883 2465 ea
911 2390 1015 2465 suilla
1034 2396 1159 2465 natiaa
1184 2396 1297 2464 animi
1315 2393 1497 2467 hilaritate
1520 2412 1635 2492 atque

657 2498 812 2582 laetitia,
859 2514 898 2568 vt
925 2498 1069 2583 omnia,
1114 2518 1211 2592 quae
1225 2492 1401 2568 tristitiam
1421 2494 1635 2567 viderentur

658 2620 798 2698 parata,
826 2595 1050 2693 respuerent,
1079 2613 1116 2664 et
1131 2594 1170 2665 id
1192 2594 1320 2685 modo,
1349 2595 1636 2695 quodvolupta·

657 2712 732 2769 tem
749 2692 905 2782 afferret,
926 2700 1020 2765 miro
1038 2691 1156 2765 studio
1173 2692 1395 2767 sectarentur
1412 2702 1465 2788 a).
1517 2699 1635 2767 Dein·

656 2796 705 2869 de
723 2822 745 2865 a
763 2797 889 2892 primis
906 2790 1138 2893 temporibus
1152 2793 1265 2892 plena
1279 2794 1419 2894 semper
1433 2793 1480 2866 vfi
1495 2794 1575 2867 sunt
1591 2793 1634 2865 li·

655 2898 816 2971 bertate:
844 2921 952 2985 nam,
982 2890 1118 2966 etiamst
1131 2898 1170 2965 in
1185 2920 1259 2968 vna
1274 2916 1337 2969 aut
1355 2896 1468 2968 altera
1483 2899 1634 2968 ciuitate

654 3023 760 3096 reges
780 2993 1032 3093 gubernacula
1047 3013 1234 3087 tenerent,
1260 3015 1480 3069 nontamen
1500 3021 1545 3069 ea
1562 2994 1634 3067 suit

654 3099 806 3173 illoram
826 3095 1005 3195 potestas,
1046 3112 1086 3168 vt
1100 3101 1220 3169 oannis
1240 3096 1417 3172 libertatis
1434 3096 1500 3169 lux
1515 3100 1633 3169 extin-

656 3194 717 3276 cta
731 3197 842 3269 fuerit
857 3225 866 3285 3
914 3221 1040 3296 neque
1053 3222 1143 3271 vero
1159 3224 1321 3299 raquam
1334 3196 1501 3271 uniuersa
1520 3200 1633 3271 Grae-

656 3306 715 3374 oia
742 3298 946 3390 tyrannidis
974 3302 1103 3394 iugum
1132 3299 1227 3373 tulit.
1317 3301 1508 3397 Quantam
1536 3299 1633 3371 liaeo

655 3405 784 3476 omnia
810 3402 881 3468 vim
905 3403 943 3470 in
968 3403 1112 3473 animos
1129 3404 1361 3475 Graecorum
1376 3422 1415 3475 et
1432 3425 1554 3475 mores
1571 3399 1633 3471 ha-

654 3500 830 3587 buerint,
875 3499 1037 3588 nonest,
1086 3500 1189 3600 quod
1205 3501 1353 3575 vberius
1372 3502 1631 3576 demonstrem.

656 3604 790 3677 Omnis
808 3605 951 3696 generis
968 3620 1064 3672 artes
1080 3600 1282 3692 llorebant,
1317 3602 1453 3700 poesis,
1486 3598 1632 3689 mustea,

655 3700 859 3786 saltatoria,
897 3700 1086 3789 statuaria,
1132 3706 1293 3801 pictoria
1313 3730 1370 3775 ars
1390 3708 1429 3775 in
1444 3703 1548 3774 nullo
1566 3728 1634 3799 po·

655 3800 748 3908 pulo
775 3817 839 3871 aut
855 3805 957 3901 prius
975 3800 1123 3875 exculta
1139 3800 1207 3892 est,
1251 3824 1316 3879 aut
1332 3807 1463 3877 maiori
1479 3822 1634 3878 conten-

1528 3920 1634 3973 trono

698 4221 738 4307 ι)
762 4239 791 4282 v.
807 4185 1068 4301 EuripMedass
1079 4214 1252 4307 829.seqq.
1265 4236 1297 4286 et
1311 4214 1580 4306 Thucydltbtl.
1595 4242 1632 4307 p.

678 4324 684 4339 ·
748 4306 817 4372 123.
842 4294 995 4368 Weelrel.
