3909 5792
881 1825 910 1894 L

586 2004 1206 2153 Prolegomena

1109 2364 1118 2395 i

754 2469 760 2497 ¹
947 2464 951 2471 .

403 2548 580 2791 Quum
592 2574 695 2648 nulla
709 2570 750 2647 sn
761 2599 819 2647 ars
836 2629 845 2665 ,
886 2574 991 2648 cuius
1005 2590 1084 2646 non
1097 2570 1157 2647 vel
1171 2600 1306 2674 patens
1323 2575 1383 2651 vel

511 2681 643 2749 nutrix·
657 2678 814 2765 Graecia
832 2674 964 2764 suerit3
1007 2695 1087 2749 tuin
1105 2700 1194 2747 vero
1210 2676 1381 2775 poeseos,

400 2772 522 2849 finon
541 2775 702 2867 natales,
755 2796 858 2851 certe
878 2780 1290 2877 curampraecipuam,
1343 2798 1382 2853 et
1483 2864 1490 2875 ι

398 2883 529 2950 miram
543 2876 644 2951 issam
659 2905 705 2953 ex
717 2900 873 2951 natutae
889 2876 1381 2978 praeceptis'conformatio-

398 3003 485 3052 nem
500 2976 565 3052 fibi
577 2981 758 3067 amnicae
785 3000 824 3052 vt
837 2980 1048 3053 mirandum
1064 3005 1141 3052 non
1163 2976 1222 3068 sit,
1247 3002 1380 3052 omnes

318 3124 325 3139 =
398 3079 538 3153 deinde
558 3102 711 3180 gentes,
739 3080 801 3152 vbi
814 3081 863 3154 ad
877 3081 1068 3155 literarum
1081 3102 1119 3153 et
1137 3080 1293 3179 poeseos
1311 3082 1379 3153 ttu-

346 3215 348 3221 ·
396 3181 459 3253 dia
476 3183 684 3257 excolenda
705 3188 870 3255 animum
887 3181 1128 3281 appulissent,
1157 3182 1302 3253 Graeca
1317 3206 1379 3253 ex-

298 3360 306 3371 ,
396 3282 520 3381 empla
533 3282 686 3375 triuisse,
714 3287 930 3357 ettiraecos
946 3282 1131 3383 magistros
1146 3276 1377 3381 sabisequen·

396 3380 465 3456 “dos
520 3382 643 3457 utasse.
696 3385 849 3457 Nullum
877 3409 966 3456 vero
994 3380 1055 3459 ess
1095 3380 1223 3455 oeseos
1245 3406 1375 3482 genua,

317 3496 359 3521 ··'
395 3409 515 3583 quots
524 3486 732 3571 Graecos,¹
762 3505 799 3559 et
816 3488 854 3557 in
885 3490 984 3567 timis
1010 3489 1043 3559 Α
1073 3482 1272 3573 ienienses,
1314 3484 1375 3558 vel

391 3590 510 3685 magis
526 3590 566 3658 in
582 3586 721 3661 deliciis
736 3512 920 3677 habuisse,
947 3586 1007 3660 vel
1020 3590 1153 3659 maiori
1169 3584 1376 3684 cupiditate

392 3706 431 3758 et
446 3691 637 3763 intentiori
651 3714 739 3763 cura
755 3687 947 3788 amplexos
963 3692 1155 3786 tuitosque
1169 3682 1273 3759 suiss'e
1290 3686 1374 3761 scia·

390 3806 494 3876 taus,
542 3816 655 3890 quam
672 3788 880 3880 scenicum
924 3792 1067 3889 quippe
1085 3786 1190 3887 qnod
1204 3806 1305 3859 tanta
1324 3786 1373 3861 ab

358 3886 434 3959 'iis
469 3886 684 3981 alacritate,
737 3909 839 3963 tanta
867 3892 1078 3961 animorum
1114 3894 1371 3979 contentione,

392 4008 468 4061 tam
490 3987 591 4067 selici
607 3990 810 4065 studiorum
828 3986 1010 4079 successu,
1062 3986 1254 4063 excultum
1271 3982 1372 4063 etad
1408 4014 1411 4021 ·

388 4088 573 4173 sumntum
599 4091 839 4193 'perfectionis
854 4090 1027 4191 'gmduni
1050 4090 1278 4191 perductum
1300 4086 1372 4163 esse

392 4187 550 4284 constat,
578 4214 627 4285 vt,
655 4193 680 4267 st
698 4220 772 4295 qua
790 4200 828 4265 in
840 4216 881 4264 re
895 4192 1049 4265 Graccis
1063 4194 1290 4265 recentiores
1303 4213 1371 4288 po·

388 4289 470 4386 puli
487 4294 642 4385 cedant,
674 4314 713 4367 vt
730 4292 897 4395 discipuli
917 4292 1110 4392 magistris,
1136 4295 1177 4363 in
1199 4290 1370 4364 scenicae

291 4382 299 4397 ⁸
387 4388 545 4498 poeseos
558 4395 811 4495 perfectione,
838 4392 1067 4469 immortales
1075 4446 1087 4485 ,
1112 4414 1211 4493 quae
1222 4388 1291 4461 illis
1305 4388 1369 4460 de·
1453 4432 1457 4439 -
1533 4398 1537 4407 ·

864 4498 903 4569 D
1019 4558 1022 4563 .
1219 4489 1368 4580 bentur,
