3909 5792
479 729 526 827 534
772 826 783 873 's
866 756 1056 797 3:3¹⁸...-

478 970 553 1020 nec
576 944 643 1021 abs
671 970 712 1021 re
738 943 805 1036 el't,
858 972 936 1047 quo
968 949 1234 1041 Tumeminius
1259 951 1294 1039 e)
1323 946 1458 1041 censet,

385 1098 387 1103 -
421 1128 423 1133 ,
479 1047 785 1123 mortemBacchi
796 1047 855 1120 seu
865 1042 1017 1121 Oliridis
1030 1072 1100 1145 per
1112 1044 1337 1144 Typhonem
1351 1049 1474 1125 occistt

478 1152 670 1225 interdum
686 1150 910 1225 celebratam
923 1146 1039 1237 luille,
1059 1146 1165 1248 qnod
1178 1148 1304 1246 postea
1318 1155 1461 1249 tragico

482 1238 657 1329 dramatis
682 1273 902 1352 argumento
927 1250 1051 1323 ansam
1068 1247 1292 1347 praebuerit.
1355 1254 1464 1327 Haec

483 1352 687 1428 choromm
703 1353 825 1428 forma
839 1378 958 1453 vsqae
974 1350 1022 1422 ad
1035 1348 1169 1421 Thesei
1183 1369 1342 1424 aetatem
1360 1378 1462 1443 man-

309 1456 311 1461 ’
422 1549 424 1554 Δ
481 1452 546 1528 fit:
575 1482 650 1557 qua
664 1482 782 1558 quum
799 1451 950 1553 disperii
964 1450 1133 1523 homines
1151 1454 1191 1520 in
1205 1450 1335 1535 vrbem
1349 1451 1465 1527 ellent

484 1562 628 1649 coacti,
664 1560 779 1653 magis
798 1559 908 1626 etiarn
921 1551 1093 1625 excultae
1106 1550 1187 1623 funt
1202 1549 1354 1626 sestiuae
1376 1553 1464 1627 illae
1557 1558 1560 1569 '

485 1658 719 1744 cantilenae;
771 1674 808 1727 et
825 1679 872 1726 ex
891 1652 1129 1745 dithyrambis
1145 1651 1308 1725 nobilius
1323 1659 1463 1726 catrtio·

483 1765 543 1835 nis
562 1784 678 1856 genus
703 1777 826 1828 ortum
840 1754 995 1827 Athenis
1014 1754 1131 1826 modo
1152 1751 1342 1842 usitatum,
1394 1773 1465 1826 tra·

485 1859 645 1958 goediae
661 1861 838 1930 nomine:
883 1853 973 1928 licut
989 1854 1149 1955 phallica
1166 1874 1203 1927 et
1216 1856 1288 1928 alia
1304 1853 1465 1929 obscena

486 1963 671 2048 camnine,
720 1955 767 2028 ab
790 1954 1004 2031 hominibus
1023 1981 1093 2057 per
1112 1982 1230 2055 pagos
1258 1961 1464 2031 circumua-

484 2059 657 2161 gantibus
690 2062 829 2132 cantari
866 2056 990 2150 solita,
1044 2058 1270 2131 comoediae
1306 2063 1463 2132 nomine
1502 2074 1511 2087 “
1562 2144 1566 2161 Ι

485 2180 696 2261 coeperunt
711 2157 871 2258 infiguiri
882 2159 943 2256 s).
994 2159 1062 2233 Ille
1081 2164 1192 2233 etiam
1205 2159 1392 2259 religiosus
1409 2185 1463 2245 ar·
1560 2178 1572 2191 ··

485 2264 557 2336 dor
584 2259 700 2334 l'olum
726 2259 914 2334 bacchum
943 2260 1121 2334 laudandi
1145 2260 1340 2361 paululum
1362 2259 1464 2335 refri-

484 2368 587 2465 guit;
632 2382 669 2434 vt
692 2362 847 2461 Tltel'pis
866 2374 909 2463 g)
935 2388 982 2435 eo
1003 2361 1147 2437 lacilius
1168 2369 1334 2435 animum
1354 2382 1465 2465 potu·

485 2470 556 2540 erit
576 2462 778 2551 iuducere,
819 2478 856 2534 vt
872 2462 1028 2553 choros,
1066 2464 1142 2536 liue
1154 2464 1344 2539 Bacchum
1356 2489 1464 2538 cane-

448 2612 452 2625 .
483 2584 590 2653 rent,
641 2560 715 2638 fiue
732 2563 820 2637 alias
842 2580 897 2637 res
916 2584 1113 2655 ornarent,
1159 2565 1304 2666 aliquot
1321 2564 1464 2640 vicibus

515 2665 685 2755 uielcere,
709 2686 747 2739 et
766 2664 977 2739 bilitionem
993 2664 1161 2739 fabulam
1178 2667 1226 2740 de
1243 2666 1392 2742 Baccho
1406 2665 1467 2739 rel

484 2695 560 2840 illio
586 2767 659 2843 deo
690 2786 753 2839 aut
779 2766 895 2839 heroe
920 2786 1093 2865 agentem
1115 2772 1272 2841 recitare
1298 2769 1464 2854 iuberet3

486 2893 587 2971 quae
600 2871 853 2955 recitationes,
892 2892 1011 2967 quum
1030 2868 1253 2971 plerumque
1271 2869 1365 2943 nihil
1379 2894 1466 2942 cunt

487 2966 626 3045 bacchi
639 2965 811 3038 laudibus
829 2992 1032 3040 commune
1045 2968 1238 3051 haberent,
1276 2964 1467 3047 ‘aasabim

487 3074 550 3171 (q.
574 3068 610 3141 d.
631 3086 841 3140 acroamata
869 3066 1095 3163 aduentitia)
1116 3071 1338 3173 appellatae.
1368 3071 1467 3145 -Sed

487 3175 588 3247 circa
607 3168 758 3268 Olymp.
779 3170 896 3243 Lxx.
914 3171 1079 3245 I'ratinas
1093 3173 1153 3265 h),
1198 3179 1264 3273 qui
1284 3175 1466 3266 Satyricas

485 3268 631 3344 fabulas
645 3269 825 3357 docebat,
859 3275 896 3341 in
915 3270 1085 3345 cantibus
1100 3279 1210 3346 etiam
1226 3275 1269 3346 id·
1283 3275 1388 3347 ausus
1405 3274 1466 3366 est,

426 3442 434 3455 ,
487 3392 528 3444 vt
544 3370 684 3443 nullam
705 3370 887 3444 recoleret
904 3375 1041 3449 Bacchi
1056 3381 1285 3449 rnernoriam.
1355 3380 1467 3451 Initio
1519 3430 1544 3469 ‚-

486 3476 601 3574 igitur
614 3471 894 3547 constituendae
920 3499 1029 3551 verae
1052 3478 1266 3577 tragoediae
1285 3502 1354 3581 per
1368 3476 1468 3549 The-

1325 3576 1469 3678 spidern

529 3819 565 3909 a)
588 3820 623 3883 in
648 3820 740 3890 ¹noua
771 3818 826 3891 ed.
853 3824 930 3892 libri
953 3826 1172 3895 Brumoiani:
1230 3830 1380 3896 stertere
1407 3776 1500 3899 ἄιε.

378 3969 380 3973 .
403 3944 417 3959 -
487 3916 494 3981 J
579 3906 694 3975 Grecs.
717 3934 751 3999 p.
768 3914 822 3997 46.

519 4038 572 4136 f)
593 4064 624 4109 v.
639 4044 807 4114 Aristotel.
822 4048 919 4114 Poet.
932 4048 989 4121 tv„
1004 4072 1037 4138 p.
1050 4054 1103 4118 28.
1117 4049 1244 4118 Harlel.

529 4178 572 4267 g)
593 4202 624 4244 r.
651 4170 773 4273 Horat.¹
805 4184 847 4251 ad
875 4182 1012 4251 Pisonn.
1041 4190 1115 4268 275.
1153 4187 1269 4278 ibique
1293 4187 1404 4255 Hurd.
1435 4203 1470 4255 et

576 4264 740 4335 Eldtenb.
758 4268 801 4371 ad
821 4270 954 4338 Brown.
969 4270 991 4337 l.
1010 4295 1038 4338 c.
1055 4297 1089 4362 p.
1102 4280 1176 4361 477.

527 4402 568 4492 It)
590 4403 633 4470 de
647 4404 781 4471 Pratina
799 4430 830 4474 v.
843 4408 938 4474 Suid.
954 4406 978 4474 l'.
996 4407 1029 4474 lt.
1046 4432 1077 4475 v.
1090 4408 1124 4473 e't
1136 4410 1250 4559 Toupi
1263 4410 1306 4477 ad
1321 4410 1418 4479 said.
1434 4434 1468 4501 p.

1254 4498 1340 4563 amb.

575 4494 628 4558 53.
650 4507 684 4556 et
698 4490 837 4561 casaub.
854 4494 896 4559 de
910 4495 943 4559 8.
959 4494 995 4559 P.
1016 4516 1049 4583 p.
1070 4519 1137 4560 rao.
1155 4496 1214 4560 ed.-
