3909 5792
438 1043 441 1056 ,
484 969 555 1044 bus
577 973 677 1044 enim
695 970 926 1070 temporibus
950 991 1086 1077 poetae
1105 969 1328 1073 plerumque
1348 974 1462 1046 victo-

479 1076 572 1165 rias,
615 1070 678 1144 vel
698 1075 738 1145 in
758 1070 856 1146 ludis
875 1073 935 1145 vel
955 1080 996 1144 in
1015 1070 1116 1144 bello
1133 1090 1275 1170 partas,
1328 1096 1460 1173 equos,
1514 1136 1519 1155 ,

482 1171 657 1272 clypeos,
701 1172 859 1279 templu,
898 1168 1100 1271 gymnasio,
1142 1170 1327 1244 ornabant
1340 1172 1464 1247 inscri-

481 1272 694 1375 ptionibus,
737 1300 861 1347 rerum
890 1274 1146 1349 dedicaturum
1167 1290 1281 1371 utque
1299 1278 1462 1349 auctoris

480 1378 654 1465 nomine,
688 1371 765 1447 fine
780 1374 852 1448 vlla
867 1375 1067 1448 verborum
1088 1370 1288 1462 industrio,
1323 1374 1465 1450 indica·

481 1494 541 1564 to;
586 1472 650 1549 sed
663 1476 856 1551 Leonidae
874 1501 970 1549 aeuo
988 1498 1035 1547 eo
1052 1492 1279 1573 peruentum
1293 1495 1388 1566 erat,
1423 1496 1464 1551 vt

481 1574 629 1649 leuibus
648 1602 694 1650 ac
714 1576 881 1659 sutilibus
894 1594 1091 1663 textorum,
1118 1578 1323 1673 pictorum,
1347 1574 1465 1675 posto-

480 1704 588 1768 rum,
631 1698 874 1765 venatorum
920 1676 1143 1777 piscatorum
1163 1694 1202 1747 ot
1216 1674 1340 1748 nescio
1358 1682 1464 1751 cuius

481 1780 629 1878 generis
647 1776 844 1853 homiuum
859 1776 1105 1849 instrumentis
1123 1794 1160 1846 et
1176 1772 1387 1849 utensilibus
1402 1803 1463 1850 ex-

481 1876 672 1963 ornandis,
687 1896 724 1949 et
736 1877 988 1976 epithetorurn
1001 1874 1185 1975 ferrugine
1198 1878 1465 1951 commendan-

483 1979 563 2066 dis,
600 1975 755 2051 min'fice
773 1977 989 2076 gauderent.
1054 1980 1210 2054 Materia
1223 1978 1377 2079 quidem
1393 2002 1466 2079 per

387 2154 390 2164 ,
487 2078 525 2154 se
548 2077 795 2177 nonindigna
811 2078 860 2153 est
874 2077 1164 2153 MusrsGruecis.
1226 2083 1324 2153 Nam
1342 2106 1464 2181 quum

485 2177 669 2267 homines,
687 2180 777 2253 inde
789 2178 838 2255 ab
850 2178 1101 2281 antiquilsmris
1117 2179 1360 2281 temporibus,
1380 2180 1462 2272 diis,

484 2304 650 2382 quorum
663 2278 848 2357 beneficio
863 2306 1068 2382 pecorum,
1099 2277 1267 2379 frugum,
1293 2280 1465 2354 aliarum-

485 2404 564 2482 que
584 2400 727 2471 terum,
760 2380 896 2484 quihus
915 2386 991 2459 vita
1007 2378 1240 2473 sustentatur,
1267 2387 1379 2483 copia
1399 2410 1465 2457 au-

484 2500 644 2581 geretur,
670 2508 831 2585 quorum
848 2508 923 2584 ope
936 2508 958 2554 a
970 2480 1153 2581 naufragii
1168 2482 1349 2583 periculo,
1367 2484 1465 2559 eliis-

485 2606 563 2683 que
571 2592 698 2659 'rerum
712 2582 985 2660 discriminibus
997 2583 1264 2675 liberarentur,
1289 2612 1312 2657 a
1323 2591 1463 2661 morbis

479 2688 598 2779 ,etiam
623 2685 943 2776 conualescerent,
984 2690 1165 2785 omnique
1192 2683 1375 2760 felicitatis
1401 2712 1463 2788 ge-

485 2808 578 2861 nere
596 2782 823 2877 fruerentur,
879 2792 1032 2876 rimitiis,
1058 2787 1224 2877 (leoinde,
1248 2786 1465 2863 instrumen-

486 2889 533 2960 tis
563 2903 601 2957 et
624 2890 725 2957 vario
746 2815 1000 2985 supellectile,
1043 2884 1176 2959 oblutis
1202 2912 1248 2960 ac
1269 2886 1461 2979 dedicatis,

486 3005 633 3087 gratum
651 2989 818 3059 animum
835 3004 872 3059 et
890 2989 1069 3085 pietatem
1091 2984 1184 3059 soliti
1205 2984 1319 3061 essent
1340 2987 1465 3061 decla-

486 3110 592 3163 rare:
624 3085 681 3163 his
698 3083 902 3181 ἀναθήμασι
917 3111 999 3160 non
1011 3091 1136 3161 miuus
1151 3084 1292 3177 defuit,
1319 3112 1411 3178 nec,
1437 3084 1465 3163 fi

486 3212 568 3261 rem
587 3212 634 3261 ex
647 3188 799 3263 Graecis
816 3186 981 3261 moribus
996 3184 1223 3277 considered,
1263 3184 1384 3265 deesse
1401 3189 1465 3263 de-

486 3286 587 3376 buit,
622 3308 820 3387 poeturum
838 3288 1054 3364 celebrandi
1066 3288 1244 3379 studium,
1286 3316 1399 3391 quam
1414 3290 1467 3364 se-

480 3387 732 3493 pulchrorum
743 3394 995 3469 monumentis
1006 3389 1257 3493 laudibusque
1270 3390 1468 3466 defuncto-

486 3515 583 3562 rum.
612 3488 669 3563 Cs.
681 3491 993 3593 Elegantiffimurn
1006 3490 1217 3565 Herderum
1229 3497 1269 3565 in
1283 3492 1467 3591 serstreu-

488 3607 583 3662 oten
600 3591 791 3667 Blis'ttem
814 3620 853 3695 p.
885 3618 967 3691 ¹⁰9·
990 3592 1026 3665 se
1054 3620 1091 3695 q.
1141 3591 1202 3667 Est
1222 3614 1349 3668 autem
1370 3594 1468 3671 haee

487 3696 644 3765 materia
654 3694 707 3769 ita
722 3695 934 3785 tractanda,
973 3714 1014 3766 vt
1025 3620 1149 3768 sensus
1164 3695 1321 3794 pertale
1336 3722 1473 3767 monn--

417 3860 422 3867 .
488 3810 678 3883 mentum,
703 3795 763 3869 vel
776 3794 962 3889 dividuum,
989 3795 1050 3870 uel
1065 3794 1175 3868 alium
1188 3822 1268 3869 rem
1287 3801 1468 3897 epigrdm·

488 3898 810 3971 mateornandam'
827 3902 993 3988 excitati,
1024 3902 1209 3988 carmine,
1240 3899 1346 3998 quod
1367 3924 1469 3973 eom·

519 3992 666 4085 osueriS,
693 4015 780 4072 'vere
798 4020 836 4073 et
846 3998 922 4072 [ine
937 3996 1028 4074 suco
1046 4004 1291 4098 exponantur,
1307 4025 1357 4075 ne
1375 4000 1469 4101 quid

488 4019 667 4194 stigidum
688 4105 818 4174 enixus
837 4100 1005 4190 videare,
1034 4120 1071 4173 et
1082 4099 1332 4201 languidum,
1345 4120 1385 4173 vt
1397 4124 1469 4201 pro

489 4193 721 4297 srmplicitate
743 4224 807 4274 aut
822 4201 1098 4299 magnificentia
1116 4206 1190 4291 rei,
1241 4228 1355 4303 quum
1373 4201 1469 4277 cele-

489 4296 676 4391 bruueu‘s,
727 4307 950 4379 oeconomia
962 4307 1133 4377 carminis
1150 4330 1253 4376 nuno
1269 4301 1471 4402 simplicior

492 4396 734 4503 comburent,
786 4431 891 4481 nuno
929 4403 1124 4506 paululum
1159 4404 1466 4503 magnificentior.

1333 4512 1468 4607 Neque
