3909 5792
1052 548 1245 595 ...w

666 556 738 629 224

664 750 907 827 veliementer
924 748 1047 815 vexati
1064 740 1179 817 essent
1203 758 1241 817 et
1254 742 1304 817 ad
1321 747 1455 823 incites
1475 748 1554 827 sere
1570 754 1659 831 red.

666 857 760 939 acti,
802 872 851 919 ue
879 850 1001 918 noctis
1021 846 1178 944 quidem
1200 862 1238 917 et
1271 846 1514 927 tenebrarum
1539 853 1658 933 bene·

667 954 753 1027 ficio
773 948 819 1021 ab
844 944 1087 1019 israelitarum
1101 943 1361 1046 persecutione
1382 970 1421 1023 et
1441 954 1592 1031 ultionis
1613 957 1657 1033 li·

661 1056 795 1128 'birline
818 1047 996 1122 liberatos
1024 1044 1116 1138 else,
1143 1046 1224 1135 sed,
1265 1048 1481 1149 quiescente
1510 1076 1657 1160 tempe·

666 1156 765 1243 stote,
824 1166 995 1221 ettotam
1010 1169 1164 1223 noctem
1182 1146 1329 1248 fulgura
1351 1152 1583 1256 undiqueca
1608 1160 1653 1233 lo
1687 1222 1692 1229 .

666 1178 842 1339 micuillle,
869 1275 968 1349 quae
978 1276 1095 1349 quum
1108 1248 1274 1325 Israelitis
1286 1249 1406 1327 hostes
1422 1256 1585 1361 persequ
1611 1288 1655 1334 n·

666 1359 765 1433 tib-ns
793 1352 937 1441 lucem,
972 1350 1129 1437 diurnae
1153 1376 1232 1424 non
1248 1352 1405 1427 multum
1432 1356 1649 1451 cedentem,

666 1450 928 1563 praebuissent,
956 1470 1037 1524 turn
1056 1449 1176 1525 hostes
1190 1451 1474 1553 prohibuissent,
1491 1484 1542 1533 ne
1557 1460 1650 1533 I'ra·

667 1560 838 1635 elitrnurn
877 1552 1048 1625 manibus
1071 1552 1325 1644 elaberentur,
1364 1572 1481 1657 atque
1531 1586 1560 1631 n
1589 1557 1646 1633 stl-

666 1666 720 1735 vis
739 1678 776 1732 et
798 1654 1056 1753 speluncarum
1075 1652 1241 1729 latibulis
1265 1653 1335 1729 sele
1353 1655 1646 1735 absconderent.

666 1766 786 1837 Huius
800 1756 937 1829 deinde
947 1760 1002 1827 rei
1014 1760 1261 1855 cogitatione,
1287 1782 1405 1858 quum
1421 1757 1535 1860 plane
1549 1767 1649 1836 mira

665 1856 860 1947 risaellet,
903 1858 1102 1931 inductum
1138 1854 1210 1931 else
1258 1876 1400 1950 oetam,
1438 1868 1650 1949 rtremita

666 1970 838 2068 pingeret
858 1978 895 2032 et
912 1978 1128 2049 exornaret,
1155 1986 1202 2033 ac
1230 1958 1367 2033 rIosua
1383 1960 1458 2035 diei
1484 1962 1562 2039 luci
1581 1970 1651 2037 im·

667 2062 839 2169 perass'et,
869 2078 907 2133 vt
928 2059 1069 2133 tardius
1082 2061 1326 2160 procederet,
1355 2080 1394 2135 et
1411 2061 1585 2141 duration
1608 2092 1651 2139 m

667 2162 1047 2265 suamprolongaret3
1074 2160 1191 2261 quid?
1234 2160 1467 2261 vtfingeret,
1492 2162 1576 2259 soli,
1602 2194 1653 2242 ac

668 2269 803 2355 lunae,
830 2284 870 2337 vt
884 2288 934 2336 ne
963 2262 1069 2336 cursu
1086 2283 1302 2361 pergerent,
1323 2264 1565 2341 israelitarum
1580 2268 1651 2345 du·

669 2397 752 2446 cern
775 2362 973 2441 mandasse.
1027 2366 1099 2437 Cui
1119 2364 1272 2465 quidem
1283 2363 1484 2443 sententiae
1495 2393 1542 2444 eo
1560 2395 1651 2443 con·

670 2472 794 2545 ciliare
820 2467 940 2541 studet
973 2470 1234 2539 auctoritatem
1259 2486 1298 2541 et
1325 2468 1497 2569 pondus,
1539 2470 1650 2573 quod

666 2572 780 2645 lunae
798 2570 898 2641 idem
920 2567 1041 2658 losua,
1068 2566 1175 2669 quod
1190 2566 1265 2659 soli,
1291 2574 1468 2669 imperet:
1492 2576 1647 2663 etenim,

667 2678 732 2775 qni
756 2671 837 2745 solis
858 2671 945 2744 luce
967 2666 1130 2759 fruatur,
1155 2667 1269 2744 lunae
1283 2668 1425 2745 lumine
1449 2670 1561 2747 facile
1587 2698 1649 2747 ca·

664 2800 770 2863 rere;
796 2792 835 2845 vt
848 2797 927 2845 non
942 2790 1159 2869 appareret,
1183 2768 1210 2842 li
1226 2770 1274 2843 de
1290 2771 1424 2845 diurna
1449 2772 1537 2849 luce
1557 2800 1648 2877 pro-

664 2874 854 2973 longanda
890 2872 999 2945 locus
1024 2869 1181 2971 intelligi
1212 2872 1384 2965 deberet,
1424 2899 1493 2949 cur
1514 2874 1649 2951 lunam

664 2982 776 3049 etiam
798 2976 934 3047 morari
950 2970 1128 3045 voluisset.
1195 2974 1424 3049 Faciendum
1450 2996 1649 3075 praeterea

664 3075 759 3166 elle,
785 3074 933 3148 Iosuarn
946 3077 987 3144 in
1005 3072 1143 3148 eodem
1163 3075 1370 3151 meridiano
1390 3076 1505 3153 solem
1532 3098 1572 3153 et
1590 3078 1649 3152 lu·

662 3206 749 3250 narn
767 3170 1011 3275 conspexisse,
1037 3180 1130 3347 ¹(pria
1150 3174 1263 3251 solem
1290 3178 1486 3268 Gibeone,
1512 3176 1648 3255 lunam

661 3280 702 3350 in
728 3277 823 3352 valle
852 3274 1036 3350 Aialonen
1074 3328 1084 3363 ,
1128 3301 1208 3349 non
1267 3278 1373 3353 rocul
1398 3304 1422 3351 a
1455 3280 1642 3355 Gibeone

662 3377 801 3470 dissita,
848 3382 987 3450 morari
1019 3374 1183 3465 inberet;
1228 3304 1322 3453 illud
1345 3405 1456 3470 vero,
1496 3382 1647 3456 ttluna

661 3482 825 3555 eundern
857 3506 943 3555 curn
974 3475 1050 3551 sole
1076 3479 1322 3553 meridianum
1354 3500 1522 3573 teneret,
1563 3478 1647 3557 non

658 3581 725 3655 nisr
752 3581 955 3656 nouiluniis
978 3578 1168 3669 accidere,
1195 3580 1259 3653 vbi
1272 3585 1311 3653 in
1336 3581 1465 3655 nollris
1484 3590 1648 3684 regioni·

649 3682 729 3759 bns
747 3684 825 3756 sieri
846 3710 925 3755 non
943 3679 1080 3781 pollet,
1100 3698 1139 3753 rt
1154 3682 1272 3755 oculis
1286 3708 1331 3755 ea
1348 3682 1645 3783 conspiceretur,

658 3784 798 3855 nedum
821 3789 860 3854 in
875 3780 1088 3855 Palaestina.
1143 3786 1247 3879 Quas
1262 3780 1498 3859 difficultates
1522 3812 1649 3863 remo·

651 3887 752 3971 reri,
781 3881 805 3953 sl
823 3884 870 3954 de
887 3882 1087 3956 fulminum
1106 3887 1331 3973 micatione,
1360 3892 1472 3959 etiam
1485 3914 1556 3987 per
1576 3916 1648 3965 no·

656 4000 755 4056 ctem
778 3983 961 4073 durante,
991 4004 1029 4057 et
1050 3982 1219 4057 Israelitis
1235 3983 1394 4059 holliurn
1417 3988 1649 4088 persecutio·

655 4105 745 4155 nem
773 4088 1044 4184 expeditiorem
1077 4084 1281 4171 reddente,
1323 4092 1444 4159 onmis
1478 4098 1649 4167 narratio

653 4188 905 4283 acciperetur:
934 4190 1083 4273 etenim,
1111 4186 1649 4287 quodreliquuml'uilletiliei,

1609 4298 1653 4371 id
