3909 5792
801 794 997 883 ξπ
1336 836 1391 933 67.

405 1054 466 1108 rus
489 1028 538 1106 est
557 1028 704 1134 pietatis
727 1055 850 1123 amor,
902 1031 965 1107 sed
986 1056 1066 1106 non
1084 1030 1245 1105 austerus
1268 1030 1330 1106 ille
1347 1039 1388 1108 in

345 1156 350 1178 ¹
404 1128 524 1209 seruili
552 1140 678 1207 auimo
703 1128 826 1205 sedern
856 1132 1022 1223 habens,
1064 1158 1193 1206 verum
1219 1140 1385 1232 ingenuo

403 1233 558 1325 homine
581 1235 723 1333 dignus.
784 1235 824 1305 st
844 1232 894 1306 ob
912 1233 1087 1308 aduersos
1105 1238 1312 1307 amicorum
1327 1260 1387 1308 ca·

403 1332 460 1407 sus
484 1341 520 1405 in
548 1329 830 1409 lamentationes
852 1360 958 1406 erum
988 1338 1033 1423 it,
1076 1358 1177 1423 non,
1220 1355 1261 1427 vt
1280 1335 1383 1434 upud

402 1433 639 1526 Aeschylum,
676 1460 870 1507 comarum
889 1360 1081 1506 euulsrone
1097 1452 1134 1505 et
1154 1429 1383 1509 laceratione

402 1560 579 1634 genarum
601 1534 764 1607 declarat
778 1537 892 1606 animi
908 1535 1060 1606 vulnera
1068 1586 1079 1623 ,
1132 1535 1385 1608 autlamenta-

402 1636 564 1708 tionibus
577 1660 628 1705 vsi
649 1659 695 1705 ue
708 1635 756 1706 ad
770 1634 934 1707 taedium
952 1637 1176 1707 continuatis
1191 1661 1296 1708 aures
1317 1637 1382 1708 ob·

400 1735 542 1824 tundit,
588 1662 649 1807 sel
680 1756 833 1835 pectore
859 1733 992 1807 melius
1026 1755 1248 1833 praeparato
1279 1734 1382 1810 sortis

399 1836 654 1910 crudelitatem
672 1836 879 1910 accuratius
894 1833 1094 1932 expendit,
1143 1834 1300 1908 deorum
1314 1840 1381 1909 im·
1493 1928 1498 1939 ι

398 1934 521 2035 plorat
540 1936 733 2024 auxilium,
764 1932 889 2007 solatia
908 1934 1031 2023 addit,
1067 1951 1182 2033 atque
1198 1935 1379 2035 exemplis

398 2037 578 2127 aliorum,
618 2042 681 2139 qui
700 2034 804 2108 simili
825 2034 1033 2110 calamitate
1049 2061 1073 2107 0
1102 2033 1209 2134 pressi
1226 2033 1376 2127 suerint,

396 2136 540 2210 animos
560 2133 715 2210 afflictos
733 2138 874 2236 erigere
889 2135 1001 2234 gestit.
1070 2061 1275 2235 sraeccpta
1297 2162 1376 2210 rno-

397 2237 486 2309 ralia
504 2257 584 2309 tum
603 2239 725 2328 addit,
770 2261 887 2337 quum
906 2235 1153 2335 spectatores,
1191 2242 1375 2311 'orationis

396 2342 432 2409 vi
452 2357 501 2411 att
518 2364 566 2411 ue
584 2343 726 2437 impetu
740 2337 871 2421 inalia
892 2343 1019 2409 omnia
1033 2336 1196 2436 abrepti,
1249 2364 1292 2410 ca
1312 2335 1377 2438 ipli
1450 2340 1453 2345 ’

395 2434 460 2515 fibi
475 2366 610 2513 elicere
630 2438 743 2529 cllizut
761 2438 978 2537 neglecturi.
1039 2442 1235 2537 Euripides
1258 2445 1292 2530 c)
1311 2440 1384 2510 stu-

396 2536 532 2612 diosius
550 2566 662 2638 quam
679 2541 730 2612 So
760 2538 888 2613 hodes
909 2594 917 2628 ,
934 2578 939 2587 ·
960 2556 1064 2611 actus
1081 2563 1150 2637 per
1167 2536 1323 2612 chorum
1337 2537 1378 2610 sr-

395 2642 466 2709 niri
483 2638 611 2732 iubet,
662 2567 806 2712 merlios
826 2658 930 2711 actus
945 2662 1028 2711 raro
1050 2636 1137 2713 lacit
1152 2639 1377 2712 intercinen-

394 2758 483 2809 tcm.
560 2743 822 2812 Vuaextatetr
837 2739 1024 2837 Euripidis
1042 2737 1198 2837 saltuli's,
1242 2745 1280 2811 in
1302 2762 1385 2839 qua·

396 2837 532 2911 chorus
548 2844 737 2939 principes
753 2859 876 2939 partes
895 2859 1020 2928 tenet,
1050 2841 1260 2939 Supplices.
1299 2912 1306 2923 ,
1330 2845 1376 2913 ln

393 2938 545 3039 reliquis
570 2930 656 3012 cum
673 2940 822 3013 subulae
841 2941 1007 3039 personis
1035 2938 1279 3013 familiaritate
1295 2960 1375 3013 tau·

393 3058 475 3110 tum
494 3044 718 3116 coniunctus
738 3041 806 3131 est,
843 3041 1032 3112 interdum
1046 3066 1095 3113 ne
1109 3041 1184 3114 lroc
1203 3041 1369 3140 quidem,

391 3137 454 3211 sed
467 3139 579 3238 plane
593 3141 747 3215 alienus.
773 3202 775 3206 .
796 3146 841 3214 In
859 3140 1051 3213 nonnullis
1063 3140 1197 3229 sabulis
1212 3142 1370 3217 chorum

391 3238 621 3332 itaiustituit,
647 3262 776 3316 utnon
791 3264 864 3315 tam
878 3267 925 3315 ex
943 3240 1094 3314 subulae
1111 3239 1276 3341 personis
1298 3266 1375 3312 ma-

392 3345 521 3413 teriam
535 3341 688 3441 lugendi
704 3342 955 3431 nanciscatur,
991 3368 1104 3441 (luam
1119 3350 1171 3417 'ex
1182 3339 1243 3413 sua
1262 3340 1372 3441 ipsius

390 3440 609 3517 calamitate.
661 3446 781 3519 Multa
810 3463 1032 3533 occurrunt,
1071 3468 1169 3542 quae
1196 3468 1219 3513 a
1246 3440 1375 3515 sabula

389 3540 510 3614 aliena
524 3542 616 3634 sunt,
635 3567 787 3618 ornatus
801 3564 946 3618 tantum
961 3544 1076 3643 gratia
1087 3543 1244 3633 adiecta,
1300 3566 1374 3615 uae

387 3641 485 3714 adeo
507 3648 547 3715 iu
570 3644 641 3717 aliu
667 3669 895 3747 quacunque
922 3642 1049 3717 sabula
1078 3641 1207 3717 locum
1230 3567 1375 3715 hasteria

385 3741 551 3841 pollent:
578 3772 655 3846 quo
668 3751 858 3847 pertinent
869 3744 1000 3818 laudes
1016 3746 1160 3817 Cereris
1173 3748 1211 3816 in
1225 3742 1373 3817 Helena

388 3861 426 3915 et
437 3844 620 3943 Apollinis
633 3853 673 3920 in
693 3848 886 3947 iphigenia
899 3844 1063 3918 Taurica
1075 3898 1085 3935 ,
1126 3868 1173 3917 ex
1184 3841 1373 3940 Mytholo·

386 3947 444 4042 gia
466 3950 624 4044 petitae:
665 3948 782 4049 ¹quod
801 3955 852 4021 ita
874 3944 1034 4018 offendit
1052 3946 1282 4045 Stagiritern,
1329 3961 1369 4019 vt

383 4064 515 4145 poetas
534 4070 679 4123 marem
694 4048 881 4149 Euripidis
904 4066 1085 4147 tanquam
1098 4068 1209 4125 verae
1226 4069 1368 4219 napae·

858 4151 936 4221 Ea
1309 4151 1370 4219 iae

426 4392 459 4477 θ)
481 4391 547 4458 Vid·
567 4388 619 4475 Cl·
633 4390 769 4462 Heeren
783 4389 806 4463 l.
827 4416 855 4465 c.
880 4394 975 4464 Cant.
993 4408 1027 4461 et
1039 4390 1161 4461 Daret.
1180 4387 1223 4458 ad
1241 4386 1368 4456 Aristo·

428 4510 432 4521 ·
466 4477 524 4545 tel.
538 4479 633 4563 Poet,
654 4504 728 4573 cap.
743 4476 856 4551 xvlll
875 4498 910 4550 st
927 4474 1039 4551 Hard-
1061 4476 1106 4555 ad
1126 4479 1248 4546 Horat.
1267 4474 1365 4541 Post.

464 4568 610 4658 aas&
655 4678 658 4691 .
