3909 5792
594 829 647 903 58
988 822 1206 878 m

599 1032 661 1105 cio
685 1026 837 1100 Catone
871 1038 910 1095 et
938 1022 988 1116 Q.
1008 1021 1153 1093 Marcio
1181 1021 1285 1117 Rege
1315 1013 1412 1091 Coli.
1439 1016 1602 1120 Olymp.

601 1130 747 1217 CLXV,
769 1126 805 1200 3.
833 1120 1012 1195 liveram
1027 1118 1095 1209 est,
1121 1119 1226 1221 quod
1250 1122 1383 1193 Cicero
1405 1125 1475 1209 ait,
1510 1146 1609 1195 eum

631 1243 902 1313 raetextatum,
929 1219 1104 1298 hecolt,
1131 1247 1274 1311 urinum
1297 1223 1395 1296 XVI.
1421 1243 1611 1321 egentem

600 1259 765 1411 Romam
787 1322 934 1399 venill.
987 1326 1117 1396 Pueris
1140 1322 1204 1395 vbi
1235 1320 1453 1411 excelleret,
1483 1342 1524 1397 et
1541 1352 1612 1396 va..

603 1438 659 1509 ria
678 1449 793 1531 atque
814 1429 962 1525 egregia
981 1427 1124 1521 ingenii
1138 1424 1191 1498 lui
1209 1421 1364 1495 dederat
1384 1422 1611 1524 specimina,

608 1532 739 1613 relicta
760 1532 880 1629 patria
908 1527 1019 1615 vrbe,
1045 1523 1150 1598 Aliae
1220 1542 1327 1595 *rtem
1345 1526 1617 1627 cunctamque

601 1636 811 1711 ¹Graeciam
829 1652 1028 1727 perag-mre
1042 1624 1173 1699 institit
1190 1679 1207 1696 ..
1232 1628 1321 1722 Quo
1331 1629 1463 1709 itinere
1481 1655 1617 1729 quum

612 1738 725 1809 etiam
742 1738 781 1804 in
801 1726 944 1799 Italiam
967 1728 1113 1805 delatus
1143 1724 1249 1815 ellet,
1290 1753 1391 1802 anuo
1414 1728 1501 1805 652.
1525 1732 1617 1803 Ma,

612 1842 671 1911 rio
691 1852 729 1907 et
747 1826 880 1904 Catulo
904 1827 1001 1902 coff.
1025 1833 1187 1901 Romam
1215 1832 1329 1903 venit.
1380 1830 1513 1902 Statim
1533 1834 1618 1904 Lu-.

618 1932 708 2011 culli
724 1936 776 2004 ita
797 1927 971 2002 delectati
989 1928 1073 2002 llmt
1085 1928 1258 2017 homine,
1285 1949 1325 2002 rt
1341 1945 1427 2003 eum
1445 1930 1620 2007 domum

617 2034 719 2111 suam
740 2034 963 2128 reciperent
1017 2034 1098 2103 Nec
1120 2050 1246 2102 tamen
1261 2029 1317 2101 his
1337 2030 1449 2107 lulum
1471 2036 1621 2107 iucun-.

619 2136 689 2211 dus
715 2132 806 2221 fuit,
846 2131 1039 2204 sedetiam
1062 2132 1141 2205 aliis
1166 2132 1418 2231 principibus,
1452 2136 1507 2206 M.
1537 2138 1620 2208 Aa.

619 2236 749 2326 milio,
774 2236 814 2307 L.
846 2228 995 2322 Grallo,
1023 2236 1071 2330 Q.
1104 2232 1258 2321 Catulo,
1285 2233 1427 2324 Druso,
1455 2238 1618 2327 Catoni,

623 2331 1064 2424 Octauiis,Hortens1is;
1104 2337 1272 2432 inprimis
1302 2358 1407 2407 carus
1432 2334 1505 2409 fuit
1530 2340 1621 2411 Me-.

623 2438 742 2528 tellis,
767 2436 1026 2521 Numitlicoet
1047 2439 1127 2508 Pio.
1180 2436 1310 2530 Quum
1331 2463 1363 2508 a.
1382 2437 1467 2511 663.
1488 2442 1531 2509 L.
1540 2442 1621 2510 Lu-.

625 2538 747 2617 oullus
764 2541 804 2607 in
828 2535 997 2610 Ciliciam
1014 2535 1204 2637 proiectus
1221 2533 1326 2627 ellat,
1354 2558 1392 2609 vt
1408 2542 1447 2609 in
1466 2538 1618 2631 Sullae,

627 2645 694 2745 qul
720 2662 790 2740 pro
815 2655 988 2739 praetore
1009 2644 1043 2709 oi
1061 2641 1280 2739 prouinciae
1306 2658 1494 2739 praeerat,
1521 2666 1621 2715 con-.

626 2742 802 2817 tubemio
830 2764 955 2817 rerum
980 2738 1197 2813 bellicarum
1222 2740 1466 2843 ciuiliumque
1481 2746 1622 2840 cogni.

627 2848 772 2917 tionem
802 2836 866 2913 sibl
894 2845 1126 2942 acquireret,
1152 2839 1255 2913 huno
1277 2841 1451 2922 Archiam
1470 2842 1618 2919 loeium

533 2998 540 3007 ·
629 2942 754 3018 lecum
786 2941 928 3017 hebuit.¹
982 2942 1116 3014 Redux
1144 2964 1191 3013 ex
1227 2938 1290 3014 illa
1321 2949 1523 3043 prouincia,
1551 2954 1618 3027 (a,

634 3046 749 3137 664.)
773 3042 875 3145 apud
903 3039 1184 3131 Her-aelffinus,
1209 3060 1250 3115 vt
1271 3045 1445 3119 Archiam
1461 3049 1623 3119 ciuitate

636 3146 847 3234 donarent,
869 3142 1006 3218 effecit.
1082 3147 1240 3217 Romam
1268 3145 1406 3219 deinde
1432 3145 1624 3237 reuersus,

638 3273 756 3351 quum
774 3274 807 3323 a.
834 3247 919 3320 665.
946 3245 1009 3319 lex
1028 3270 1050 3317 a
1068 3242 1196 3319 Silano
1227 3266 1264 3320 et
1284 3246 1458 3320 Carbone
1486 3248 1538 3321 de
1569 3252 1626 3321 ci-.

636 3356 750 3422 ritate
770 3351 973 3520 lieregrinis
1010 3344 1225 3419 foederatae
1243 3352 1391 3421 ciuitati
1412 3348 1623 3449 adlcriptis,

639 3450 764 3523 danda
794 3467 851 3521 ata
872 3445 977 3535 eliet,
1003 3452 1147 3521 Romae
1164 3452 1350 3521 ciuitatem
1367 3455 1490 3560 petiit,
1519 3472 1627 3524 eamq·

640 3577 716 3653 que
734 3575 852 3649 quum
869 3575 939 3651 per·
951 3546 1003 3638 se,
1027 3567 1108 3619 tum
1124 3546 1269 3623 Luculli
1284 3550 1625 3625 commendatione

640 3655 864 3826 impetlrauit.
909 3654 960 3823 ‘Idn
990 3646 1093 3725 Vrbe
1088 3669 1195 3823 fflts
1206 3650 1366 3750 quiden?
1386 3657 1426 3827 ig
1443 3650 1625 3826 Luogglg-

642 3778 737 3947 ζῗῗ.
759 3777 864 3940 aiii,
885 3777 920 3923 i
943 3770 1114 3927 iiiiii,
1133 3776 1629 3929 adeleidam:

642 3976 735 4026 num
752 3953 936 4053 populum
960 3950 1196 4045 oeniuiffent,
1235 3960 1390 4029 omnino
1409 3962 1450 4028 in
1469 3954 1626 4035 censum

643 4056 773 4126 venire
794 4053 984 4129 debuillet.
1033 4057 1130 4129 Nam
1163 4078 1211 4128 eo
1230 4074 1420 4155 tempore,
1447 4056 1510 4129 iub
1525 4059 1630 4129 Mar·¹

646 4152 707 4228 fici
728 4152 816 4226 belli
847 4156 1075 4245 calamitate,
1119 4182 1237 4257 quum
1259 4158 1362 4231 Sulla
1387 4158 1529 4257 legatus
1549 4160 1627 4231 Cn.

648 4261 820 4357 Pompeii
842 4257 999 4332 consulis
1014 4253 1119 4348 ellat,
1143 4256 1319 4333 Lucullus
1333 4260 1503 4334 nondum
1521 4258 1630 4359 apud

650 4362 728 4431 eius
741 4364 945 4434 exercitum
956 4355 1037 4445 suit,
1055 4376 1095 4429 rt
1111 4356 1280 4461 llrspicari
1296 4364 1379 4463 quis
1391 4360 1518 4461 pollet,
1538 4386 1631 4433 eum

645 4456 825 4547 timinam
845 4457 970 4543 lecum
991 4454 1177 4566 batalia,
1216 4458 1280 4545 led
1303 4465 1442 4543 Cicero
1469 4459 1632 4636 ffiille

1556 4582 1637 4642 1180
