3909 5792
881 784 1102 841 '⁴-:·.·:....,·····
1237 784 1239 789 '
1393 786 1396 791 '
1428 810 1483 887 ²7

479 987 627 1087 scripti
647 979 790 1081 efferat,
818 1001 885 1063 et,
925 1008 1048 1085 qurrm
1071 984 1175 1057 hoec
1195 984 1264 1059 lec
1277 985 1482 1082 ferretur,

490 1095 534 1161 in
552 1088 682 1161 [ralia
709 1085 956 1158 domicilium
972 1086 1196 1166 haberent,
1222 1085 1262 1181 fi
1286 1088 1371 1161 LX.
1396 1091 1478 1163 die·

491 1190 563 1261 bur
592 1190 705 1286 opud
728 1189 968 1259 Praetorem
993 1214 1139 1259 nomen
1154 1186 1320 1289 prosiffr
1340 1186 1477 1285 efferet,

488 1296 522 1362 ii
544 1295 647 1361 circes
664 1290 840 1361 Iiooram'
856 1294 1007 1388 optimo
1028 1295 1116 1361 iure
1139 1286 1269 1384 efflent.
1322 1294 1387 1366 Vis
1408 1289 1478 1363 hu·

489 1394 547 1476 ius
572 1389 681 1486 legis,
708 1411 747 1463 vt
774 1413 819 1461 ex
842 1388 1004 1465 sonnula
1023 1393 1104 1463 eius
1123 1389 1358 1487 intelligitur,
1383 1390 1479 1465 vltra

489 1494 568 1567 LX.
595 1492 672 1562 dies
692 1516 773 1561 non
799 1491 1092 1583 extendebatur3
1135 1509 1193 1581 vt,
1225 1494 1291 1591 qui
1315 1495 1395 1563 eius
1415 1490 1481 1567 be·

489 1592 628 1667 ueficio
659 1596 698 1662 in
732 1595 883 1669 ciuitate
912 1594 1084 1665 Romana
1108 1590 1265 1673 adscribi
1287 1589 1478 1682 volebant,

489 1688 587 1784 intra
611 1692 686 1765 hoc
710 1696 888 1791 temporis
912 1691 1068 1791 spatium
1092 1718 1115 1765 a
1137 1690 1212 1765 lata
1232 1689 1316 1789 lege
1332 1716 1477 1767 nomen

488 1793 592 1894 apud
644 1812 829 1867 raetorem
857 1791 1026 1892 profiteri
1059 1791 1251 1867 deberent.
1318 1793 1478 1867 Archia·

488 1819 669 1997 prosedirs
687 1920 734 1967 eo
746 1914 918 1994 tempore
931 1892 999 1986 est,
1026 1912 1066 1979 rt
1075 1896 1209 1968 Cicero
1234 1891 1325 1967 dicit
1345 1898 1393 1985 (c.
1408 1897 1475 1987 4.),

487 1994 593 2096 npud
612 1998 660 2091 Q.
685 1994 880 2083 Metellum
904 1998 1033 2085 Pium,
1069 1993 1175 2095 quod
1195 2013 1234 2068 et
1256 1990 1477 2069 foederatae

489 2101 631 2175 ciuitati
655 2101 733 2170 iarn
758 2096 962 2196 adscriptus
986 2115 1082 2185 eret,
1124 2114 1162 2169 et
1180 2092 1319 2168 multos
1342 2119 1477 2187 annos,

488 2196 725 2288 etiterum,
763 2224 881 2298 quum
906 2198 968 2272 lex
995 2194 1207 2286 ferebatur,
1242 2194 1478 2272 domicilium

487 2302 634 2381 Romae
659 2298 843 2389 habebat,
906 2319 945 2374 rt
971 2303 1007 2372 ei
1039 2296 1246 2373 verendum
1269 2322 1349 2372 non
1375 2293 1478 2387 effer,

488 2426 540 2475 ne
564 2399 746 2500 repulsam
763 2398 887 2472 ferret.
937 2402 1070 2498 Itaque
1087 2395 1231 2491 nescio,
1259 2398 1364 2498 quod
1377 2400 1477 2492 Hey·
1501 2420 1509 2433 ¹
1569 2410 1587 2475 ,“

487 2507 574 2575 nius
606 2500 656 2573 de
698 2499 871 2584 institutis
910 2519 948 2574 et
991 2499 1138 2600 legibue
1172 2495 1478 2575 Heracleenfium

487 2598 780 2701 (Opusc,11..p.
799 2610 884 2685 244.
912 2608 1018 2695 not.)
1044 2624 1091 2673 ex
1106 2598 1196 2675 loco
1219 2599 1297 2674 hoc
1323 2601 1475 2675 Cicero-

488 2707 547 2775 nis
572 2720 704 2775 contra
725 2701 963 2777 Mazochirun
997 2706 1058 2792 (in
1081 2702 1293 2775 Comment.
1318 2705 1359 2773 in
1374 2698 1473 2777 Τιώ-

486 2801 657 2897 Heracl.)
682 2803 896 2895 contendit,
929 2828 980 2877 ne
999 2806 1185 2895 Cicerone
1211 2801 1365 2903 quidem
1382 2826 1472 2877 con·
1587 2809 1595 2819 '

409 2991 419 3005 ,
485 2902 581 2994 sule,
617 2930 640 2975 a
661 2906 747 3002 691.
799 2904 1063 2980 Heracleenses
1088 2902 1226 2980 fundos
1250 2894 1473 3002 legi‘seulu·

484 3003 559 3081 liae
577 3002 640 3077 seu
655 3006 799 3079 Plotiae
817 3003 955 3097 sectos,
1007 3010 1096 3109 quia
1118 3004 1269 3081 Archias
1295 3028 1342 3078 eo
1368 3026 1476 3081 enno

486 3105 635 3205 exlege
652 3106 770 3180 Plotia
787 3160 797 3196 ,
834 3108 940 3208 qnod
954 3106 1162 3183 Heracleae
1178 3126 1358 3207 tanquam
1379 3108 1475 3181 ciui·

484 3210 553 3281 tati
576 3204 793 3281 foederatae
817 3207 1021 3309 adscriptus
1049 3228 1147 3297 erat,
1182 3212 1372 3282 ciuitatem
1396 3209 1472 3281 Ro·

483 3333 636 3381 manem
659 3307 834 3408 periiffet,
874 3315 1088 3412 mirumque
1104 3304 1241 3398 fuiffet,
1269 3333 1374 3397 eum,
1402 3307 1472 3407 qui

484 3406 738 3483 Heracleenfis
768 3414 860 3485 ciuis
884 3409 990 3503 effer,
1040 3412 1185 3485 Romae
1200 3412 1389 3483 ciuitatem
1404 3428 1474 3511 pe,-

442 3571 444 3575 .
486 3523 585 3597 tere,
613 3536 708 3610 qua,
735 3508 761 3583 fi
784 3509 921 3586 fundus
944 3511 1044 3587 facta
1064 3508 1151 3586 effet
1169 3504 1472 3585 Heracleenfium
1590 3510 1593 3515 ’

468 3608 633 3700 ciuitas,
669 3637 716 3684 eo
736 3611 815 3712 ipso
833 3620 909 3687 ianr
931 3612 1006 3687 fini
1025 3610 1215 3714 pomifer,
1255 3636 1347 3685 num
1363 3602 1471 3782 eufi-

483 3737 584 3819 gupa
604 3710 646 3784 fit
666 3711 796 3786 summi
822 3720 908 3809 viri,
960 3742 1009 3789 an
1037 3721 1200 3789 rationes
1231 3711 1374 3787 secuere
1427 3727 1471 3805 rt,

484 3839 578 3914 quas
611 3828 682 3912 ego
715 3815 901 3893 nonsatis
934 3816 1145 3916 exploratas
1176 3833 1240 3886 aut
1268 3810 1473 3910 explicatu

483 3912 618 4004 habeo.
671 3918 767 3988 Nem
788 3941 937 4017 praeter
955 3918 1065 4007 illud,
1088 3915 1190 4017 quod
1211 3910 1403 3988 accusator
1422 3907 1474 3985 ad

422 4100 428 4113 ,
484 4014 635 4089 censum
650 4042 683 4088 a.
706 4018 791 4090 665.
818 4038 1026 4118 prouocat,
1054 4043 1169 4119 quern
1194 4018 1329 4090 Cicero
1356 4013 1472 4088 docet

482 4140 531 4189 eo
567 4124 685 4206 anno,
702 4118 751 4191 ed
779 4119 966 4218 populum
1003 4122 1215 4193 Romanum
1249 4141 1329 4190 non
1361 4115 1476 4216 perti·

479 4213 616 4308 nuiffe,
642 4219 744 4292 vnde
771 4225 895 4293 ciuem
913 4246 961 4293 eo
979 4238 1150 4320 tempore
1167 4216 1342 4294 Archiam
1368 4208 1476 4287 fuisse

481 4336 586 4390 recte
610 4318 814 4419 colligitur;
839 4343 877 4395 et
893 4321 999 4422 quod
1020 4345 1173 4396 carmen
1192 4319 1284 4419 legis
1296 4370 1306 4407 ,
1329 4338 1376 4388 ex
1391 4334 1472 4412 quo

480 4410 589 4497 illam
610 4444 690 4494 non
720 4426 760 4494 in
783 4443 1029 4526 perpetuum,
1069 4420 1136 4504 sed
1157 4438 1303 4507 rentum
1320 4412 1373 4504 ad
1388 4412 1473 4487 Lx·

529 4520 646 4599 Tem.
673 4524 730 4621 ΙΙ.
1055 4523 1086 4598 B
1320 4511 1471 4612 &W
