3909 5792
634 1149 734 1228 quae
757 1124 891 1201 Cicero
907 1127 948 1197 in
975 1116 1210 1197 Academicis
1247 1137 1336 1189 eum
1358 1116 1526 1215 ergregie
1547 1113 1627 1189 dis·

633 1245 831 1332 putantem
855 1214 963 1315 sa'cit,
1000 1224 1140 1299 docere
1162 1232 1352 1319 poterunt
1428 1214 1487 1287 Ab
1513 1240 1626 1291 enno

635 1333 723 1426 674.
743 1352 861 1429 vsque
880 1326 930 1399 ad
949 1352 983 1397 a.
1002 1326 1088 1423 677.
1128 1325 1272 1395 Romae
1285 1314 1376 1405 suit;
1406 1340 1483 1416 quo
1512 1342 1628 1391 anno

636 1454 757 1531 quum
781 1426 958 1503 Lucullus
983 1432 1023 1499 in
1038 1424 1202 1499 Africam
1221 1443 1290 1521 pro
1309 1434 1483 1517 praetore
1503 1419 1628 1519 profi·

634 1528 861 1619 ciscebutur,
887 1532 922 1602 ei
941 1526 977 1602 se
996 1527 1137 1602 socium
1156 1524 1294 1608 iunxit3
1316 1514 1481 1591 reuersus
1502 1546 1527 1593 a
1552 1548 1632 1622 pa·,

635 1649 750 1705 trono
769 1629 833 1704 suo
850 1629 899 1703 ad
921 1634 1104 1701 aerarium
1129 1630 1171 1697 in
1188 1619 1379 1697 beneficiis
1399 1617 1543 1695 delatus
1566 1622 1630 1700 est

633 1739 694 1832 (p.
718 1730 831 1805 Arch.
852 1731 887 1805 5.
901 1742 929 1815 ).
954 1728 1084 1803 Postea
1100 1731 1242 1814 Romae
1258 1720 1328 1793 suit
1343 1746 1461 1819 vsque
1480 1722 1530 1796 ad
1551 1750 1623 1799 an.

634 1834 723 1908 681.
739 1832 802 1906 vbi
823 1831 981 1905 Lucullo
999 1830 1237 1929 imperatoria
1255 1821 1434 1923 potestate
1447 1828 1485 1896 in
1493 1822 1627 1903 Atiam

632 1931 808 2035 profecto
830 1931 863 2003 se
891 1957 978 2004 cum
1002 1928 1190 2003 Antiocho
1217 1924 1356 2001 (lead.
1378 1928 1440 1995 tv.
1463 1929 1517 2017 I.)
1551 1927 1626 2003 de.

599 2046 602 2051 ⁴
634 2034 691 2107 dit
719 2037 906 2105 comitem.
960 2038 1091 2127 Quum
1116 2055 1185 2129 per
1209 2026 1347 2125 septem
1381 2051 1502 2099 annos
1537 2027 1627 2129 spe-

631 2151 755 2219 ctator
769 2134 983 2205 admirator(
1000 2156 1047 2203 ue
1061 2157 1186 2204 retum
1195 2126 1340 2201 Luculli
1356 2153 1424 2226 per
1438 2154 1625 2227 magnam

539 2228 545 2323 s
631 2231 738 2310 Aliae
755 2252 948 2335 pattemg
986 2253 1105 2305 tarum
1123 2230 1261 2318 suerat,
1288 2252 1388 2300 anuo
1411 2230 1493 2303 688.
1539 2235 1627 2306 Ro-

631 2359 735 2409 mam
765 2362 852 2410 curn
880 2338 1108 2434 imperatore
1143 2330 1263 2403 rediit.
1313 2334 1457 2404 Romae
1490 2329 1540 2405 ab
1565 2357 1623 2409 eo

630 2455 806 2535 ternpore
839 2434 984 2536 semper
1017 2432 1175 2509 versatus
1210 2430 1270 2505 est.
1342 2435 1457 2522 Nam,
1493 2460 1624 2534 quum

628 2536 809 2611 Lucullus
844 2563 866 2609 a
907 2540 949 2609 C.
980 2541 1160 2609 Memmio
1196 2529 1390 2633 peculatus
1419 2533 1621 2625 accusatus

629 2648 691 2724 (a.
725 2640 856 2727 688.),
908 2636 1124 2721 abalienatis
1157 2634 1205 2708 ab
1235 2659 1282 2707 eo
1306 2634 1441 2734 populi
1463 2640 1621 2731 anisnis,

628 2736 862 2838 triumphum
898 2764 979 2811 non
1013 2736 1079 2810 nisr
1108 2740 1296 2825 Cicerone
1326 2734 1479 2810 consule
1507 2763 1623 2823 anno.

627 2838 740 2937 691„
765 2830 842 2915 fioc
863 2836 931 2928 est,
954 2842 1114 2913 triennio
1129 2836 1286 2927 tardius,
1314 2863 1428 2938 quum
1447 2836 1620 2919 debebat

627 2944 690 3033 (v.
718 2944 797 3015 Cic.
827 2940 944 3017 Aeac
970 2939 996 3015 l
1021 2948 1079 3031 c)
1104 2936 1223 3041 pollet
1251 2937 1452 3045 consequi,
1520 2968 1618 3015 uum

626 3041 710 3115 aliis
743 3041 791 3115 de
820 3041 956 3133 causis,
993 3069 1075 3117 non
1097 3036 1291 3115 verisimile
1315 3037 1388 3131 est,
1433 3044 1508 3141 Arc
1537 3047 1613 3115 'aur

626 3145 752 3218 Roma
778 3140 991 3235 discellllle,
1017 3162 1116 3232 tum,
1143 3141 1388 3217 vthonorum
1408 3144 1614 3243 imperato-

623 3248 675 3319 ris
697 3242 881 3343 spectator
901 3241 999 3317 esset.
1051 3250 1138 3318 Non
1159 3246 1274 3343 magis
1291 3246 1402 3314 etiam
1426 3241 1617 3347 sequenti-

623 3342 697 3421 bus
720 3350 845 3435 annis,
880 3371 999 3444 quum
1020 3342 1216 3434 Lucullus,
1239 3344 1327 3419 licet
1344 3342 1482 3417 summa
1503 3371 1526 3418 a
1555 3344 1616 3421 ud

623 3445 793 3521 senatum
831 3448 909 3519 eius
937 3442 1024 3519 effet
1048 3470 1174 3517 rerum
1205 3444 1452 3543 gerendarum
1483 3372 1614 3547 exspe-

626 3552 758 3636 ctatio,
799 3544 835 3618 se
865 3549 943 3619 otio
966 3572 1012 3620 ac
1033 3542 1215 3645 voluptati
1241 3546 1418 3638 dederat,
1452 3545 1612 3639 Vrbem,

623 3668 691 3723 eut
718 3644 865 3722 Luculli
905 3644 1031 3719 villam
1059 3645 1206 3719 videtur
1229 3645 1438 3749 reliquille,
1485 3673 1526 3722 rs
1558 3673 1614 3724 uo

621 3748 716 3823 dum
749 3776 783 3821 a.
807 3747 892 3845 693.
924 3748 1101 3822 aGratio
1125 3748 1314 3847 quodam,
1351 3748 1411 3821 vel
1429 3752 1528 3824 Grac
1581 3775 1613 3826 o

621 3849 674 3922 de
697 3856 846 3924 ciuitate
862 3872 948 3923 reus
968 3848 1085 3923 fieret.
1162 3848 1257 3921 Mihi
1284 3850 1458 3951 quidem,
1514 3877 1614 3927 uum

621 3949 673 4023 ‹le
694 3954 820 4024 Gratia
842 3969 954 4049 gente
978 3950 1072 4024 nihil
1088 3954 1280 4040 nouerim,
1306 3951 1441 4027 melius
1465 3877 1612 4052 placet,

435 4040 438 4047 ¹
543 4084 551 4107 .
619 4046 870 4126 fiGracchus
898 4052 1058 4128 Archiae
1085 4050 1277 4126 accusator
1297 4050 1400 4128 fuisse
1427 4052 1609 4128 creditur.

620 4149 681 4227 Est
698 4155 729 4224 is
751 4156 952 4228 Numerius
978 4158 1179 4251 Quinctius
1206 4154 1419 4247 Gracchus,
1441 4159 1520 4257 qui,
1543 4158 1609 4229 tri-

620 4250 745 4329 bunus
765 4250 816 4350 pL
844 4273 881 4326 et
908 4261 1070 4354 partium
1092 4253 1379 4347 Clodianarum,
1399 4261 1440 4331 P.
1459 4260 1608 4332 Corne-

617 4352 673 4428 lio
701 4352 862 4427 Lentulo
889 4353 1090 4454 Spinthere
1120 4375 1158 4431 et
1181 4356 1419 4453 Q.-caecili0
1444 4357 1606 4433 Metello

618 4457 772 4555 Nepote
788 4450 885 4529 Coti.
902 4458 959 4547 (c.
977 4456 1110 4554 δρψ),
1136 4483 1255 4559 quum
1272 4484 1405 4533 omnes
1420 4457 1608 4560 magistre·

618 4571 680 4633 tus
699 4556 750 4637 de
780 4560 975 4643 Ciceronis
1003 4556 1142 4645 reditu,
1157 4558 1467 4665 promulgrlleut,
1503 4558 1609 4639 totus

1509 4685 1605 4737 cum
