3909 5792
533 565 602 647 134
923 552 1109 651 ¹=.²'-·-·‘-'·

528 786 679 838 morum
704 782 846 836 corona
872 756 1044 860 stipatum
1071 766 1137 853 2);
1189 782 1266 860 qua
1286 758 1443 861 quidem
1457 750 1514 833 ‘re

530 884 675 937 tanturn
690 860 808 953 abest,
848 880 886 933 vt
904 862 1069 935 mendici
1083 858 1279 961 personam
1295 864 1411 961 egerit
1419 868 1441 949 ,s
1471 879 1513 931 vt

530 966 634 1039 idem
649 961 792 1051 lecerit,
811 962 914 1061 quod
928 962 1050 1035 nostra
1064 982 1185 1035 aetate
1196 960 1324 1035 muster
1340 960 1513 1051 artifices,

531 1070 599 1167 qui
612 1090 681 1165 per
691 1067 1011 1164 peregrinationes
1024 1069 1064 1135 in
1078 1062 1228 1137 urbibus
1242 1061 1514 1136 celebrioribus

532 1160 672 1265 agones
686 1162 843 1239 musicos
858 1216 869 1253 ,
887 1162 959 1237 hac
977 1164 1081 1263 lege,
1106 1184 1145 1237 vt
1157 1160 1239 1265 ipsis
1258 1162 1384 1237 honor
1400 1162 1517 1237 habe·

532 1287 636 1356 atur,
677 1264 894 1352 instituunt,
938 1284 976 1339 et
990 1265 1049 1338 rel
1064 1262 1136 1338 assa
1155 1290 1269 1348 voce,
1308 1264 1515 1337 velinstru-

431 1448 433 1453 ,
522 1371 648 1441 menti
661 1365 816 1439 alicuius
833 1364 1104 1457 modulatione,
1129 1372 1214 1439 artis
1228 1364 1313 1437 suae
1327 1364 1517 1463 specimen

424 1514 443 1545 .·
520 1460 663 1541 edunt.
714 1468 763 1538 At
778 1486 853 1539 tum
867 1465 1026 1539 honesto
1048 1468 1167 1541 modo
1181 1465 1406 1541 nourolunt
1426 1491 1517 1539 eum

532 1576 673 1641 victum
699 1564 764 1638 sibi
793 1566 1041 1665 comparasse,
1084 1566 1147 1641 sed
1167 1566 1406 1656 Herodotus,
1453 1564 1529 1639 vel¹

563 1672 704 1769 uisquis
722 1662 925 1742 auctorest
944 1665 1061 1741 libelli
1081 1669 1221 1741 devita
1232 1671 1409 1759 Homeri,
1435 1714 1443 1729 ·
1461 1665 1515 1738 di·

533 1696 627 1843 serte
642 1768 769 1857 tradit,
809 1766 962 1843 vilissimi
977 1770 1142 1845 mendici
1153 1768 1263 1843 instar
1278 1794 1365 1841 eum
1382 1766 1431 1841 ad
1445 1792 1516 1867 po·

533 1864 739 1944 tentiorum
758 1867 858 1941 sores
887 1868 1153 1959 circumiuisse,
1205 1891 1243 1943 et
1264 1869 1435 1943 canendo
1458 1866 1515 1941 sti·

525 2022 528 2029 -
564 1997 623 2043 ern
650 1968 803 2071 rogasse.
826 1996 828 2001 ·
853 1975 955 2043 luter
982 1970 1054 2045 alia
1082 1998 1168 2072 cap.
1193 1974 1334 2045 XXIII.
1361 1994 1513 2045 carmen

532 1998 717 2171 sseruauit,
768 2072 873 2173 quod
890 2077 991 2145 inter
1006 2078 1151 2145 minora
1167 2077 1323 2146 Homeri
1335 2075 1513 2161 carmina,

455 2202 462 2227 =
536 2172 765 2247 editionibus
805 2171 989 2267 Odysseae
1029 2172 1274 2263 addi-solita,
1321 2190 1517 2273 receptum

535 2279 683 2372 (Epigr.
703 2274 748 2346 N.
768 2277 853 2349 XV.
869 2272 1011 2365 Wolf.)
1026 2274 1095 2365 est,
1121 2294 1160 2349 et
1174 2270 1338 2380 Esgrorsstn
1355 2272 1517 2347 inscribi-

535 2392 608 2463 tur,
636 2374 954 2474 quodlloruerus,
982 2377 1074 2449 dum
1091 2380 1130 2447 in
1146 2376 1259 2451 Sarno
1277 2375 1515 2469 lrybernaret,

534 2474 746 2549 Nouiluniis
762 2473 891 2574 stipem
912 2475 1113 2576 colligens,
1163 2478 1212 2551 ad
1229 2476 1439 2551 beatiorum
1452 2476 1520 2549 do·

514 2600 616 2649 mos
631 2574 826 2650 cecinisset.
899 2579 990 2673 Qua
1008 2578 1163 2677 quidem
1176 2604 1236 2668 re,
1276 2576 1406 2651 livera
1418 2573 1515 2667 esset,

537 2674 747 2750 efficeretur
760 2673 958 2775 profecte,
1003 2698 1041 2751 vt
1053 2685 1092 2751 in
1110 2682 1277 2753 Homero
1303 2704 1383 2751 non
1399 2678 1517 2749 modo

537 2784 670 2879 epicae
704 2778 861 2876 poeseos
894 2799 1040 2877 patrem
1074 2786 1242 2853 venerari
1281 2780 1515 2867 deberemus,

536 2879 600 2953 sed
621 2884 732 2951 etiam
749 2896 943 2953 auctorem
962 2901 999 2953 et
1016 2874 1234 2981 principem
1244 2882 1401 2983 poeseos
1414 2904 1519 2952 men-

536 2982 665 3055 dicae:
718 2983 823 3053 cuius
842 3000 965 3053 tumen
995 2980 1097 3079 leges
1117 3010 1163 3056 ae
1183 2983 1329 3079 regulas
1344 2989 1384 3055 in
1401 2981 1517 3073 libris,

478 3070 493 3087 ⁸
536 3088 578 3155 in
605 3084 739 3183 quibus
761 3080 920 3155 aliorum
943 3086 1098 3181 poeseos
1117 3092 1296 3181 generum
1316 3102 1518 3185 praecepta

538 3204 801 3283 exponuntur,
834 3182 1052 3259 eesslreticos
1074 3205 1232 3275 vocant,
1258 3184 1383 3257 srussra
1406 3208 1518 3285 quae-

536 3281 675 3357 siueris.
742 3280 927 3386 Esgrorolmr
942 3285 1088 3375 titulus,
1140 3312 1253 3385 quem
1267 3285 1380 3359 habet
1399 3289 1517 3359 Hero·

538 3384 668 3474 dotus,
709 3405 747 3457 et
766 3406 813 3455 ex
838 3409 884 3457 eo
901 3386 1057 3478 Suidas,
1098 3386 1205 3459 datus
1228 3386 1277 3460 est
1293 3391 1449 3461 carmini
1470 3386 1517 3459 ex

538 3508 606 3573 eo,
627 3487 737 3588 quod
752 3505 930 3561 canentes
948 3513 1095 3563 ramum
1113 3487 1223 3563 oleae
1241 3488 1329 3563 sana
1342 3488 1516 3575 velatum,

1410 3588 1516 3691 quod

579 3910 616 3999 2)
637 3908 715 3975 Hoc
731 3930 844 3983 narrat
861 3931 982 3981 auctor
1002 3914 1151 3983 Certam-
1163 3914 1269 3983 Hom.
1284 3916 1466 3983 etHesiod.
1479 3942 1517 4008 p.

532 4016 537 4025 '
620 4020 696 4101 494.
715 4016 850 4083 Hefiod.
872 4016 995 4084 Loesu
1012 4000 1170 4101 τιμηθεὶς
1191 3998 1228 4083 ds
1246 4004 1414 4101 μεγάλως
1428 4020 1516 4106 (Co.
1599 4092 1605 4111 ι

620 4120 724 4183 rinthi
739 4126 749 4192 )
767 4104 997 4210 παραγίνεταφ
1010 4110 1058 4181 εἰς
1070 4101 1205 4211 ’'Am‘-
1223 4148 1248 4159 -
1272 4110 1348 4181 'stit
1361 4106 1515 4209 ’Λςγείων

620 4208 653 4279 oi
665 4206 908 4305 agermatbes·
918 4248 941 4263 -
958 4200 1064 4283 edelr
1074 4208 1135 4303 pst
1145 4200 1237 4285 πολι)
1250 4208 1364 4283 resudet
1375 4204 1517 4315 lugeas:

622 4307 795 4399 ετὶμησων.
