3909 5792
679 811 730 887 no
1065 768 1269 855 ΕΞ.

680 1009 819 1115 quibus
841 1010 920 1108 agri
940 1003 1021 1078 dari
1041 1030 1123 1078 non
1142 992 1311 1105 possent,
1336 999 1502 1101 legibus,
1527 1002 1672 1104 quibus

673 1106 721 1189 iri
742 1108 867 1213 palam
899 1107 948 1179 od
982 1109 1174 1182 ciuitatem
1198 1102 1401 1205 petendam
1422 1103 1673 1179 concitaban-

679 1235 760 1302 tur,
779 1215 1011 1300 'nutriuerat3
1032 1227 1070 1281 et
1091 1210 1203 1283 Caius
1221 1203 1433 1295 Gracchus,
1460 1204 1672 1281 vehemen-

678 1319 785 1393 tioris
814 1314 975 1413 ingenii,
1004 1336 1119 1411 quam
1143 1304 1260 1380 frater
1281 1306 1478 1395 Tiberius,
1506 1306 1602 1381 trib.
1619 1306 1670 1411 pi.

678 1427 745 1513 (a.
771 1414 881 1498 631.)
907 1408 1219 1499 confirmauerat,
1246 1407 1422 1483 coedibus
1442 1406 1672 1485 horumh-

678 1522 750 1593 tini
780 1529 819 1590 et
852 1513 970 1587 Italici
1006 1516 1169 1586 nominis
1206 1530 1453 1611 patronorum
1478 1532 1670 1613 ereptam.

678 1622 800 1708 Nam,
860 1613 960 1689 sacta
991 1612 1259 1688 Asculanorum
1287 1628 1325 1685 et
1355 1608 1670 1711 Fregellanorum

677 1721 962 1805 coniuratione,
991 1740 1106 1817 quam
1129 1733 1276 1802 tamen,
1318 1731 1526 1813 autequam
1553 1710 1669 1791 conii-

678 1822 729 1899 liu
748 1814 1021 1907 maturuissent,
1054 1818 1095 1889 Ι.
1114 1816 1287 1916 Opimius
1302 1832 1453 1913 praetor
1474 1814 1668 1916 oppresso·

677 1941 754 2010 rat,
795 1944 896 1991 anno
924 1918 1010 2017 659.
1037 1915 1122 2015 lege
1142 1920 1282 1999 Licinio
1309 1916 1435 1987 Mucia
1463 1940 1486 1987 o
1502 1918 1552 1989 L.
1577 1910 1668 1992 Lici-

677 2028 746 2097 nio
766 2018 889 2095 craffo
913 2038 950 2093 et
977 2022 1027 2115 Q.
1052 2022 1183 2091 Mucio
1205 2014 1386 2091 Scaevola
1405 2015 1482 2088 lata
1499 2016 1559 2091 de
1581 2022 1668 2094 ciui·

677 2142 774 2214 tate,
802 2150 853 2194 ne
870 2118 1025 2222 qru'sfit
1041 2146 1120 2220 pro
1143 2124 1255 2197 ciue,
1282 2123 1352 2218 qui
1372 2115 1525 2214 nonfit
1555 2124 1666 2199 cim's,

679 2228 788 2312 (Cic.
814 2219 913 2297 offic.
941 2224 1005 2311 111,
1035 2226 1135 2312 11.),
1179 2216 1241 2293 vel
1270 2222 1323 2293 de
1343 2218 1494 2293 ciuibus
1521 2248 1667 2325 regun-

679 2330 741 2401 dis
766 2337 823 2410 (r.
847 2320 1000 2397 Cornel.
1018 2326 1047 2395 1.
1063 2326 1212 2420 fragm.-
1227 2346 1265 2423 p.
1290 2321 1395 2405 ¹⁰45·
1419 2324 1551 2415 Bru),
1579 2348 1664 2425 qua,

678 2432 746 2531 qui
768 2431 913 2501 Romae
942 2422 977 2497 se
992 2450 1064 2525 pro
1085 2422 1230 2497 ciuibus
1247 2439 1437 2521 gererent,
1465 2448 1547 2499 nec
1564 2430 1665 2501 ciue

678 2525 812 2616 essent,
850 2530 890 2599 in
914 2524 994 2598 suas
1016 2528 1184 2599 ciuitates
1208 2528 1508 2614 remitterentur,
1548 2528 1665 2625 magis

678 2632 811 2717 etiam,
844 2652 958 2729 quam
982 2645 1108 2714 antea,
1149 2620 1350 2725 exasperati
1372 2624 1568 2713 sociorum
1590 2630 1665 2699 eni-

674 2734 747 2820 mi,
774 2725 856 2817 etsi,
884 2752 933 2799 ne
948 2731 1200 2827 praecipitatis
1217 2724 1431 2799 riderentur
1443 2751 1563 2825 agere
1578 2752 1664 2803 con·

676 2828 782 2921 filiis,
809 2836 992 2928 impeturn
1007 2853 1076 2927 per
1094 2826 1240 2931 aliquot
1254 2851 1373 2901 runos
1391 2824 1664 2927 repress'eront3

660 2952 803 3015 ‚tomen
827 2934 879 3005 Μ.
907 2932 1015 3003 Liuio
1032 2926 1156 3003 Druso
1181 2927 1263 3002 trib.
1282 2927 1332 3028 pl.
1361 2955 1394 3001 a.
1411 2926 1499 3003 663.
1526 2934 1597 3031 qui
1613 2927 1665 3005 le-

676 3058 761 3133 gem
786 3034 834 3105 de
857 3035 1009 3105 ciuitate
1034 3056 1123 3105 cum
1137 3028 1243 3105 sociis
1266 3033 1388 3101 Latini
1403 3034 1573 3105 nominis
1590 3034 1665 3107 Itu·

674 3135 833 3235 lirisque
852 3132 1001 3233 populis
1014 3130 1329 3207 communicanda
1342 3129 1377 3205 se
1393 3129 1560 3205 laturum
1577 3157 1665 3235 pro·

672 3237 836 3323 miserat,
859 3234 962 3306 domi
985 3229 1069 3303 suae
1084 3257 1106 3303 a
1122 3234 1172 3327 Q.
1188 3236 1299 3308 Vario
1315 3228 1483 3306 confosso
1501 3237 1563 3329 (v.
1579 3238 1660 3309 Cic.

596 3364 601 3375 ·
703 3390 712 3409 .
734 3336 813 3412 Mil.
834 3363 868 3429 7.
892 3333 940 3404 de
961 3336 1043 3403 Not.
1064 3334 1114 3405 D.
1135 3334 1198 3421 ΙΙΙ,
1220 3334 1280 3406 53.
1296 3348 1329 3422 i,
1373 3340 1664 3435 approperanti-

672 3364 821 3537 Kusque
835 3430 992 3505 consilia
1009 3454 1142 3505 eorum
1158 3431 1268 3505 Drusi
1286 3438 1463 3524 inimicis,
1490 3460 1664 3535 quorum

670 3539 894 3637 impotentia
917 3551 954 3605 et
973 3530 1131 3606 libidine
1156 3532 1317 3625 factum,
1343 3554 1382 3607 vt
1408 3534 1558 3611 serratus
1583 3564 1662 3611 vno

670 3636 850 3713 versiculo
878 3659 1010 3707 omues
1043 3637 1123 3708 eius
1142 3633 1244 3733 leges
1269 3634 1454 3709 tollendas
1475 3634 1664 3714 decerne·

668 3760 745 3827 ret,
788 3737 939 3837 lateque
963 3734 1028 3808 sub
1058 3735 1227 3811 eiusdem
1249 3742 1339 3808 anui
1361 3741 1499 3811 exitum
1516 3743 1665 3841 impro-

668 3838 809 3913 bissima
831 3864 854 3910 a
876 3834 987 3911 Drusi
1010 3837 1241 3939 percussore,
1268 3844 1317 3935 Q.
1340 3842 1452 3912 Vorio
1472 3838 1661 3935 Hybrida,

666 3940 752 4013 trib.
777 3938 827 4041 pl.
856 3942 939 4037 lege
960 3940 1010 4011 de
1037 3938 1245 4027 maiestate,
1298 3965 1374 4039 qua
1399 3938 1569 4040 quaestio
1590 3942 1663 4017 hu·

666 4039 795 4139 heudo
817 4036 903 4112 esset
928 4039 976 4113 de
1004 4046 1072 4129 iis,
1113 4066 1278 4141 quorum
1303 4066 1417 4139 opera
1445 4040 1663 4120 consilioue

665 4139 754 4215 socii
788 4160 920 4215 contra
947 4140 1136 4239 populum
1166 4143 1276 4215 Rom.
1305 4166 1407 4213 amru
1441 4139 1659 4237 sunifissent,

664 4260 786 4317 tantas
803 4246 942 4314 irarum
969 4261 1229 4341 conceperunt
1247 4240 1436 4333 flammas,
1459 4239 1662 4342 legatione

663 4342 878 4449 pracsertim
903 4340 963 4412 sua
981 4343 1126 4417 Rornae
1143 4347 1363 4417 contemtim
1383 4362 1565 4443 accepta,
1619 4368 1661 4424 vt

663 4444 759 4522 nihil
788 4442 839 4521 ed
865 4440 1207 4545 restinguendae-et
1230 4442 1484 4523 discutiendas
1507 4470 1661 4621 αἰενα-

1562 4572 1660 4629 Oret.
