3909 5792
1594 1014 1989 1085 ····“·-.··“··““·
2530 1016 2677 1093 213

722 1248 952 1335 quam
995 1221 1411 1322 gladiorum
1447 1220 1642 1309 ictu;
1691 1243 1854 1295 non
1885 1215 2279 1322 tempestas
2300 1238 2427 1292 aut
2442 1217 2670 1295 turbo

718 1325 1024 1427 pondus
1045 1364 1072 1415 5
1131 1348 1306 1423 quo
1366 1317 1683 1393 hostium
1723 1327 1972 1422 capita
2007 1321 2129 1405 vel
2167 1321 2672 1420 deprimeren-

717 1444 841 1505 tur
863 1480 883 1516 ,
935 1422 1056 1501 vel
1100 1419 1745 1498 contunderentur
1767 1477 1786 1513 ,
1842 1421 2165 1523 augebat
2185 1475 2204 1512 ,
2257 1421 2383 1505 sed
2413 1449 2457 1494 a
2480 1421 2672 1495 sum·

718 1552 846 1599 ma
878 1551 1127 1599 rerum
1162 1522 1377 1597 causa
1400 1575 1418 1610 ,
1473 1518 1569 1593 ab
1595 1520 1756 1622 ipso
1783 1522 1973 1597 caeli
2020 1548 2111 1597 ac
2133 1521 2399 1595 mundi
2429 1541 2671 1597 recto·

601 1682 606 1687 -
714 1650 823 1715 re,
876 1622 1169 1700 neceffe
1191 1643 1367 1711 erat,
1419 1620 1606 1695 illud
1643 1624 2032 1698 accedere.
2134 1623 2461 1714 Deinde,
2484 1619 2673 1698 ficut

715 1727 843 1799 alii
892 1726 1203 1801 aliarum
1255 1728 1589 1823 gentium
1633 1722 2024 1825 scriptores
2053 1776 2072 1814 ,
2168 1721 2223 1797 st
2263 1749 2412 1826 qua
2458 1719 2669 1796 fimili

714 1825 1123 1919 miraculis
1168 1830 1369 1914 ecie,
1419 1829 1500 1896 in
1549 1830 2054 1905 monumentis
2085 1844 2345 1899 notata
2368 1822 2491 1897 vel
2511 1823 2670 1897 vul-

715 1933 792 2029 gi
841 1954 975 2003 ore
1047 1852 1442 2020 cgebrata,
1497 1920 2202 2024 deprehendebant,
2280 1924 2412 2005 aut
2454 1923 2669 2026 quod

673 2072 678 2079 -
713 2048 818 2125 ita
872 2026 1282 2117 credebant
1301 2082 1320 2118 ‚
1424 2045 1553 2120 aut
1588 2031 1773 2147 quia·
1805 2024 2064 2125 religio
2100 2051 2228 2099 eos
2246 2081 2265 2115 ‚
2337 2049 2437 2097 ne
2481 2024 2669 2126 quid

713 2147 1131 2227 mutarent,
1176 2125 1664 2229 prohibebat,
1743 2152 1834 2218 ea
1858 2133 1938 2221 in
1979 2125 2285 2223 annales
2315 2124 2479 2211 suos
2514 2125 2669 2200 fine

709 2230 859 2319 vlla
931 2235 1350 2304 mutatione
1412 2227 1860 2319 retulerunt,
1935 2233 2045 2303 ita
2098 2231 2673 2317 commentario-
2756 2304 2763 2309 ,

712 2358 882 2405 rum
912 2332 1009 2406 de
1055 2331 1279 2404 rebus
1308 2385 1330 2428 ,
1380 2356 1424 2401 a
1471 2326 1683 2425 Iosua
1718 2328 1967 2431 gestiS,
2045 2348 2350 2419 auctor,
2431 2348 2671 2429 quum

712 2432 908 2507 haec
947 2429 1046 2506 sic
1075 2448 1371 2526 narrata
1398 2428 1823 2521 inueniffet‚
1880 2435 2058 2532 quia
2096 2429 2321 2503 fidem
2352 2434 2505 2501 anti
2562 2432 2670 2501 ui-

714 2538 882 2609 tatis
916 2532 1299 2627 traditioni
1337 2531 1710 2630 denegare
1741 2556 1902 2604 non
1928 2526 2298 2621 audebas,
2351 2554 2498 2604 nec
2570 2553 2671 2603 ne

712 2658 987 2733 magna
1023 2633 1312 2727 inuidia
1402 2650 1677 2721 oterat,
1731 2629 1897 2722 aut,
1953 2632 2209 2733 quod,
2295 2635 2398 2705 ita
2434 2626 2667 2722 suiffe,

698 2734 850 2829 ‚fibi
891 2731 1309 2833 persuasum
1342 2812 1351 2826 ,
1386 2730 1657 2829 abebat
1688 2786 1705 2822 ,
1749 2738 2008 2832 prouti
2031 2756 2146 2806 res
2200 2758 2295 2805 ex
2333 2758 2521 2806 cana
2547 2756 2672 2805 ve-

714 2833 975 2915 tustate
1021 2834 1438 2923 memoriae·
1462 2833 1794 2933 proditas
1843 2853 2275 2934 acceperat,
2344 2838 2448 2906 ita
2490 2830 2670 2908 saci-

716 2934 1002 3027 endum
1047 2938 1376 3033 putauit,
1429 2950 1510 3007 vt
1549 2933 1646 3005 ad
1682 2932 2184 3033 posteritatem
2213 2933 2664 3008 transferret.

708 3039 935 3110 Nunc
961 3035 1060 3129 ad
1093 3028 1938 3135 alterum'miraculum,
1994 3036 2208 3138 quod
2243 3035 2520 3111 eodem
2550 3061 2670 3116 ca-

709 3143 870 3240 pite
904 3154 1248 3235 aet-atem
1286 3134 1406 3235 esp
1927 3142 1937 3153 ‘
2035 3152 2045 3164 ·

904 3339 1097 3411 Eum
1114 3340 1146 3425 ,“
1191 3339 1322 3437 qui
1365 3341 1869 3436 narrationem
1922 3337 2021 3412 de
2081 3336 2249 3433 nolis
2302 3363 2394 3423 ac
2437 3335 2668 3409 lunae
2762 3392 2769 3403 .

710 3442 1307 3527 commoratione
1350 3437 1465 3533 his
1497 3439 2014 3537 Hebraeorum
2054 3439 2442 3534 annalibus
2485 3437 2669 3510 inse-

709 3544 893 3630 ruit,
990 3536 1320 3613 eundem
1379 3538 1628 3634 suiss'e,
1732 3547 1866 3644 qui
1925 3540 2217 3642 reliqua
2268 3537 2665 3639 scripserit,

705 3639 915 3713 nulla
949 3665 1033 3715 re
1093 3639 1372 3714 adduci
1438 3641 1728 3740 poss'um
1762 3696 1784 3737 ,
1891 3663 1973 3715 vt
2014 3642 2340 3735 credam.
2470 3642 2667 3713 Nam

708 3745 1036 3842 primum
1096 3766 1336 3821 nexus
1386 3743 1722 3863 reliquae
1773 3747 2218 3828 narrationis
2276 3767 2558 3830 rerum,
2617 3765 2665 3811 a

707 3841 926 3916 Iosua
967 3847 1283 3945 eiusque
1326 3864 1655 3921 exercitu
1716 3842 2077 3943 gestarum
2105 3897 2124 3933 ,
2193 3844 2667 3940 interrumpi-

707 3962 830 4016 tur
860 3998 879 4034 ,
986 3970 1223 4044 quum
1259 3941 1483 4020 facile
1539 3950 1785 4047 quiuis
1839 3945 2135 4034 sentiat,
2202 3941 2486 4017 versum
2545 3968 2570 4009 1
2597 3948 2673 4014 r:

703 4042 939 4118 statim
973 4070 1020 4116 a
1062 4042 1272 4118 versu
1326 4048 1436 4119 16.
1475 4072 1576 4129 ,ex
1615 4050 1836 4146 primi
1894 4050 2220 4121 auctoris
2278 4043 2659 4134 sententia,

703 4144 987 4219 ‘debere
1030 4149 1298 4247 excipi.
1425 4144 1770 4238 Deinde,
1840 4173 2038 4247 quae
2095 4172 2140 4218 a
2185 4144 2279 4219 vs.
2326 4173 2409 4218 12
2445 4187 2502 4202 --
2546 4145 2657 4217 15.

612 4318 623 4329 ,
703 4246 970 4320 inserta
1001 4245 1200 4337 sunt,
1278 4242 1415 4318 stili
1467 4253 1690 4327 etiam
1783 4273 2008 4321 enere
2040 4274 2087 4318 a
2137 4246 2438 4349 reliquis
2474 4250 2663 4318 mire

707 4344 1111 4420 differunt:
1216 4372 1391 4419 nam
1421 4370 1696 4448 poetae
1769 4349 2252 4421 ublimitatem
2301 4349 2660 4450 quodam·

700 4449 939 4521 modo
987 4472 1077 4521 ea
1123 4443 1513 4539 affectare,
1575 4453 1772 4523 inter
1812 4475 2075 4523 omnes
2110 4447 2268 4522 fere
2300 4454 2662 4547 interpre-

704 4569 816 4622 tes
848 4552 926 4622 in
964 4542 1303 4622 conseffis
1339 4546 1458 4622 est.
1615 4548 1901 4648 Quodsi
1939 4549 2255 4624 statuere
2321 4549 2656 4634 velimus,

702 4647 842 4727 fiili
877 4647 1373 4727 differentiam
1410 4677 1456 4724 a
1500 4647 1714 4728 fonte
1738 4707 1757 4743 ,
1809 4678 1905 4730 ex
1953 4674 2107 4752 quo
2138 4650 2448 4751 scriptor
2470 4648 2687 4821 Fau&

2500 4765 2664 4859 erit,
