3909 5792
867 784 1063 829 m

937 976 1001 1049 IV.

582 1174 792 1276 Quomodo
820 1189 949 1272 poeto
980 1168 1156 1270 quords
1180 1175 1360 1280 persona

873 1341 1058 1416 delectet.

580 1622 708 1715 Quum
723 1616 949 1715 principium
973 1632 1011 1687 et
1029 1610 1122 1689 basis
1148 1614 1403 1693 delectationis
1418 1621 1459 1693 in
1570 1625 1574 1634 “

423 1762 429 1771 ·
484 1725 647 1794 camnine
664 1720 774 1819 epico
793 1711 833 1787 fit
844 1715 1058 1805 admiratiO,
1094 1742 1174 1788 non
1189 1719 1291 1791 nuda
1303 1719 1365 1793 illa
1404 1724 1460 1793 ui·

482 1823 591 1912 dem,
627 1818 715 1892 alias
733 1813 971 1906 affectiones,
1007 1841 1104 1917 quae
1119 1816 1153 1889 se
1172 1817 1269 1892 forte
1282 1746 1464 1894 immilce-
1512 1844 1522 1861 ·

481 1943 569 2011 ant,
596 1918 740 2021 prorsus
756 1916 971 2007 excludens,
1000 1917 1062 1990 led
1080 1916 1160 2009 illa,
1182 1943 1280 2019 quae
1294 1920 1354 1992 vel
1371 1946 1461 1994 cum
1507 1998 1510 2005 A

480 2031 535 2097 ira
548 2044 585 2097 et
600 2022 713 2111 odio,
739 2017 799 2091 vel
821 2042 907 2090 cum
923 2021 1056 2095 timore
1075 2040 1112 2092 et
1125 2019 1377 2111 miseratione,
1398 2020 1460 2095 vel

482 2152 569 2201 cum
583 2146 710 2196 amore
726 2141 763 2193 et
780 2118 928 2218 gaudia,
954 2118 1015 2212 vel
1031 2119 1108 2192 aliis
1127 2119 1330 2194 leuioribus
1345 2126 1461 2194 animi

480 2226 644 2301 motibus
656 2227 857 2326 coniuncta
868 2217 1059 2293 homiuem
1071 2221 1329 2298 iucundillrmo
1341 2223 1463 2296 modo,

482 2326 594 2403 afficit
612 2345 649 2399 et
664 2328 763 2396 varia
777 2319 969 2419 voluptate
985 2319 1176 2420 perfundit
1185 2318 1209 2411 ;'·
1231 2328 1373 2398 nemini
1394 2323 1461 2395 du·

458 2508 461 2514 ,
480 2429 586 2503 bium
603 2431 689 2515 erit,
710 2427 800 2524 quin
817 2441 929 2520 poeta
942 2426 981 2493 iu
994 2421 1154 2497 Nestoris
1169 2430 1279 2499 etiam
1292 2424 1459 2525 persona,

482 2551 558 2604 tam
574 2525 702 2625 insigni
719 2527 889 2597 carminis
912 2521 963 2595 lui
984 2546 1225 2614 ornamento,
1276 2524 1461 2614 habuerit,

485 2629 591 2732 quod
617 2646 654 2699 et
677 2624 752 2725 iple
767 2651 854 2696 cum
866 2621 1118 2699 delectatione
1135 2628 1393 2716 admiraretur,
1424 2644 1463 2699 et

453 2796 457 2802 .
514 2730 592 2803 uod
608 2728 700 2800 alios
713 2726 897 2815 admirari,
925 2745 962 2797 et
976 2745 1057 2798 orta
1068 2727 1158 2799 inde
1172 2726 1361 2825 voluptate
1378 2751 1462 2826 per-

483 2757 558 2905 lini
575 2828 697 2902 vellet.
748 2831 836 2899 Non
855 2845 979 2920 tameu
994 2853 1127 2926 magua
1146 2854 1241 2928 opus
1258 2827 1306 2900 est
1322 2830 1464 2927 ingenii

486 2938 586 3020 acie,
613 2948 652 3002 vt
668 2927 932 3025 intelligamus,
959 2914 1110 3026 poetam
1124 2954 1203 3001 non
1217 2926 1376 3029 potuille
1390 2932 1463 3002 Ne-

484 3033 618 3109 storem
644 3030 840 3116 admirari,
875 3045 939 3099 aut
962 3026 1054 3100 alios
1078 3030 1126 3101 ad
1153 3034 1230 3102 eius
1252 3030 1464 3102 admiratio·
1569 3118 1598 3133 ..

484 3149 573 3208 nem
589 3128 843 3230 compellere,
887 3125 912 3199 fi
931 3126 1022 3200 tales
1040 3135 1079 3202 in
1099 3156 1145 3205 eo
1165 3131 1465 3204 animaduertere

485 3236 615 3410 licffret
637 3255 789 3322 mores,
830 3226 961 3329 quales
985 3234 1161 3307 Horatius
1176 3237 1217 3306 in
1232 3230 1320 3319 lene
1340 3228 1465 3304 notari

486 3343 527 3412 iu
556 3354 617 3409 et:

573 3601 695 3669 Multa
703 3603 828 3686 senem
848 3609 1129 3671 circumuentum
1143 3598 1385 3695 incommoda,
1411 3597 1466 3665 vel

716 3737 815 3827 quod

578 3927 746 4016 Quaerit,
772 3940 807 3989 et
824 3927 977 3990 inueutt's
991 3926 1090 4013 miser
1105 3927 1279 3993 obstinet,
1302 3945 1347 3995 ac
1363 3926 1464 3987 timec

716 4064 785 4128 vti,

502 4286 505 4293 ·
534 4324 541 4341 Ι
575 4247 642 4313 Vel
656 4246 754 4337 quod
769 4268 822 4311 res
844 4260 960 4313 omnes
983 4242 1126 4315 timida,
1155 4244 1344 4336 gelideque
1363 4244 1467 4310 mini-

613 4374 616 4387 ’
677 4440 679 4445 .
717 4381 818 4461 Ιίναὶρ
1148 4378 1151 4383 ’

1306 4468 1467 4583 Dilatum
