3909 5792
624 583 699 659 204
1011 592 1203 638 *uz-'¹¹³
1300 643 1304 652 .

619 776 778 851 meliore
801 802 923 851 rarum
944 776 1060 867 facie,
1087 786 1230 857 maiore
1253 788 1459 857 animorum
1474 784 1591 877 cultu,

620 876 695 952 stue
708 877 779 952 visa
796 880 950 969 suerint,
989 878 1065 959 stue
1083 890 1294 977 narratione
1307 908 1478 985 accepta,
1515 892 1593 961 vim

619 1005 752 1059 ‚eorum
769 982 928 1081 eleuari,
957 1002 995 1056 et
1011 984 1132 1073 rebus,
1159 1010 1253 1085 (luae
1269 984 1419 1057 solemni
1435 1008 1592 1061 naturae

615 1082 761 1172 ordine,
789 1104 827 1158 ot
840 1084 954 1161 oaufis
968 1110 1037 1183 per
1048 1087 1288 1185 multiplicata
1301 1085 1589 1163 acutissimorum

612 1181 812 1274 hominurn
824 1184 939 1261 studia
953 1184 1172 1282 inuestigatis
1188 1204 1299 1285 atque
1314 1185 1478 1275 detectis,
1499 1214 1588 1285 pro-

614 1284 776 1377 cedunt,
816 1288 851 1363 se
871 1290 1079 1379 adiungere.
1137 1289 1219 1359 Neo
1235 1290 1332 1357 enirn
1354 1283 1431 1355 sieri
1448 1288 1580 1382 potest,

611 1406 670 1475 vt,
698 1390 803 1490 quod
819 1382 1098 1482 sub'primordiis
1111 1382 1263 1455 humani
1275 1391 1439 1481 generis,
1464 1390 1502 1465 in
1519 1413 1579 1461 ru:

611 1488 719 1563 diore
737 1486 888 1589 populo,
914 1497 1061 1577 praeter
1075 1482 1245 1555 ordinem
1278 1503 1432 1557 naturae
1459 1482 1573 1577 visum

609 1588 660 1663 est
684 1586 870 1669 accidere,
910 1578 950 1653 id
972 1578 1093 1674 nnstro
1116 1585 1226 1653 etiarn
1244 1602 1367 1655 aetate
1377 1584 1567 1674 videatur,

607 1689 669 1761 vbi
715 1684 902 1759 causarum
964 1678 1126 1765 subtilior
1174 1686 1341 1781 cognitio
1386 1686 1572 1767 eiusmodi

607 1805 743 1867 euentu
787 1810 873 1859 cum
921 1780 1053 1855 ordine
1099 1800 1254 1859 naturae
1297 1782 1406 1858 sacile
1444 1790 1573 1865 eonci-¹

605 1888 680 1963 liat
757 1885 894 1983 Qualia
922 1882 1004 1957 sunt
1024 1880 1221 1961 fulminum
1245 1890 1337 1959 varii
1368 1906 1482 1987 atque
1504 1892 1573 1961 mir

601 1986 734 2065 rabilas
769 1992 910 2076 iactus,
964 2004 1001 2057 et
1031 1982 1322 2079 combustiones,
1369 2012 1491 2087 aquae
1531 1993 1573 2079 in

600 2088 814 2189 sanguinem
834 2086 977 2173 versae,
1011 2083 1069 2159 sol
1078 2084 1313 2184 sanguineus,
1349 2093 1452 2185 ignes
1466 2111 1488 2161 e
1504 2106 1577 2161 ter-

598 2216 639 2265 ra
659 2209 913 2289 erumpentes,
944 2186 1083 2259 statuae
1097 2186 1254 2261 deorum
1270 2188 1462 2277 ardentes,
1496 2188 1575 2269 san·

625 2296 702 2379 nis,
727 2286 834 2387 signis
850 2304 887 2363 et
902 2288 1079 2388 spiculiee
1097 2306 1194 2361 terra
1207 2286 1350 2379 euulsrt,
1365 2290 1568 2388 profluens,

597 2318 656 2465 sd
669 2390 819 2465 tertium
841 2414 957 2489 genus
980 2414 1024 2464 ea
1041 2386 1163 2461 resero
1181 2389 1377 2478 miracula,
1415 2414 1461 2464 ox
1477 2416 1571 2491 quo-

593 2486 1202 2589 rumaccuratioriexaminesacile
1211 2490 1458 2591 intelligimus,
1469 2496 1568 2569 acci·

594 2590 684 2666 disse
698 2594 851 2693 quidem
869 2618 1045 2687 magnum
1058 2590 1200 2691 aliquid
1217 2610 1254 2664 et
1269 2592 1564 2683 memorandum,

593 2714 633 2765 at
673 2690 1565 2787 artemmagnitndinisetinsolentiaenarrantium

593 2720 723 2867 des-ieri
751 2800 901 2893 ingenio
927 2814 1042 2893 atque
1064 2789 1232 2873 consiliis,
1282 2799 1399 2884 Nam,
1430 2816 1468 2867 vt
1490 2798 1565 2871 iarn

592 2900 777 2973 monitum
804 2894 872 2983 est,
908 2894 1078 2965 homines
1099 2892 1209 2967 rudes
1236 2916 1350 2996 atque
1371 2894 1498 2971 inculti
1522 2900 1565 2973 itt

590 2996 792 3069 reddendis
810 3000 863 3085 iis,
880 3020 978 3097 quae
992 2990 1149 3065 sensibus
1158 3020 1248 3069 acce
1277 3002 1382 3086 erint,
1398 3024 1481 3071 raro
1495 2994 1563 3069 tin-

591 3096 898 3191 ceraapuntsrde:
922 3122 1039 3196 quum
1055 3101 1155 3167 enim
1170 3024 1403 3195 quasifurore
1423 3095 1563 3173 incenst

588 3202 628 3276 in
643 3203 695 3273 rei
710 3197 863 3272 alicuius
877 3198 1090 3295 adspectum
1106 3196 1140 3267 se
1155 3196 1369 3289 conserant,
1395 3219 1441 3289 et,
1456 3198 1563 3301 quod

588 3304 829 3397 arripuerint,
846 3300 937 3371 iusto
966 3296 1245 3371 vehementiore
1268 3305 1411 3399 impetu
1424 3306 1464 3373 in
1485 3305 1562 3372 ani·

586 3426 690 3473 mum
700 3404 878 3499 ingerant,
895 3424 972 3481 non
982 3395 1229 3497 possuntsere,
1240 3406 1332 3503 quin
1341 3398 1442 3501 quast
1455 3406 1560 3476 nimii

585 3526 709 3574 rerum
734 3528 754 3573 a
780 3501 815 3577 se
834 3502 989 3574 visarum
1013 3496 1272 3573 existimatores
1299 3502 1481 3593 euadant,
1523 3520 1561 3577 et

587 3592 679 3675 drirn
700 3604 885 3677 narrando
908 3628 969 3673 eas
987 3620 1200 3699 exponunt,
1220 3602 1381 3693 etalios,
1415 3608 1480 3705 qui
1494 3630 1558 3676 au-

582 3728 642 3777 res
660 3703 858 3805 praebent,
893 3702 1029 3775 eodem
1043 3700 1103 3775 trel
1122 3706 1344 3794 mirationis,
1372 3704 1433 3777 vel
1447 3711 1558 3781 tirno·¹

580 3809 650 3893 ris,
685 3803 742 3877 vel
761 3806 885 3902 gandii
908 3802 1030 3877 secum
1048 3802 1205 3877 morlulo
1219 3808 1268 3875 im
1297 3803 1374 3877 lere
1388 3804 1555 3903 gestiunt,

579 3906 796 4001 grandiores
807 3904 1218 4003 magnificentiorasque
1232 3830 1441 3981 exstiterint.
1453 3909 1555 4003 Qun·

578 4028 621 4073 re
639 3998 888 4078 detrahendus
905 4004 1142 4079 miraculosus
1165 4004 1337 4094 habunt,
1380 4032 1554 4109 quorem

577 4107 780 4195 mirationis
821 4108 1040 4203 excitandae
1073 4103 1181 4198 causa
1215 4126 1383 4191 narrator
1412 4108 1550 4201 indrtit;

1446 4208 1550 4309 quod
