3909 5792
981 594 1178 613 ...φ-ια

587 782 676 831 rure
692 758 730 850 Ἴ.
780 832 783 851 Ι
799 759 847 831 Et
860 783 1042 860 quaerere
1056 760 1187 847 liceat,
1206 772 1214 797 ⁹
1240 755 1301 829 vbi
1317 754 1357 830 ht
1371 753 1435 833 ilie
1450 781 1573 833 corru-

489 870 496 883 '
586 863 860 959 ptusiuueniS,
897 864 959 959 qui
976 864 1059 932 Teii
1076 864 1186 948 ruris,
1221 858 1574 955 volliernrunorum

586 954 864 1047 ArrucreoniiS,'
885 960 1054 1051 Gleirnii‚
1086 960 1278 1037 cantilenis
1297 959 1330 1031 le
1350 980 1573 1059 corruptum

585 1057 694 1161 ponit
713 1065 875 1133 vincere.
948 1065 1060 1136 Gerre
1075 1066 1230 1163 quinon
1246 1079 1355 1131 auten
1374 1066 1478 1133 ornni
1491 1060 1573 1133 libi-

588 1160 716 1232 dinrnn
733 1178 871 1255 genere
886 1165 1048 1235 initiatus
1060 1184 1101 1235 et
1116 1168 1288 1233 erunibus
1303 1161 1446 1257 llugitiis
1464 1168 1572 1233 innu-

585 1266 692 1333 tritus
712 1259 843 1351 fuerit,
872 1290 985 1361 qumu
1003 1264 1050 1334 ud
1070 1264 1180 1334 rulern
1197 1262 1398 1334 lectirnrenr
1416 1264 1572 1335 accede·

584 1380 663 1450 ret,
718 1366 816 1450 eine,
868 1363 991 1461 litero,
1025 1369 1151 1455 'uuinri
1177 1366 1361 1455 integritus
1378 1382 1414 1433 et
1432 1364 1570 1433 culiilus

584 1484 733 1535 morum
748 1461 846 1533 falna
859 1464 948 1536 inrlo
963 1464 1098 1534 enodet
1111 1483 1149 1535 et
1159 1462 1379 1534 incolumi&
1422 1468 1471 1532 At
1484 1462 1569 1533 illos

584 1561 722 1662 procul
744 1560 865 1635 abelle
879 1562 1005 1636 iubeat
1023 1568 1190 1651 iuuenis,
1237 1561 1344 1651 illos,
1389 1580 1570 1661 tunquam

615 1661 787 1734 rosunum
802 1662 953 1761 vulgus,
997 1664 1088 1737 oilio
1102 1662 1237 1734 haheat
1254 1684 1291 1737 et
1313 1682 1460 1750 arceat,
1502 1663 1569 1761 qui

583 1687 723 1863 flagitia
740 1784 776 1835 et
796 1763 932 1836 scelera
948 1764 1237 1853 commendant,
1290 1783 1327 1835 et
1344 1785 1419 1836 turn
1438 1768 1568 1834 iucun-

585 1862 643 1937 dis
665 1887 702 1937 et
733 1862 904 1938 l'uuuihus
931 1864 1120 1939 coloribus
1151 1862 1396 1954 adumbrant,
1448 1883 1487 1937 vt
1505 1860 1569 1935 vel

584 1962 685 2047 bene
700 1962 947 2064 compofitunr
961 1985 1093 2065 pectus
1107 1985 1304 2054 moueant,
1327 1985 1410 2053 uut,
1438 1969 1502 2065 qui
1519 1989 1567 2036 eo

584 2065 818 2166 procedrnrt,
861 2087 900 2141 vt
919 2066 994 2139 fine
1017 2064 1234 2165 ambagibus
1253 2064 1490 2165 spurcilhnras
1509 2088 1566 2137 res

585 2166 656 2243 luis
679 2194 870 2267 quumque
888 2166 1077 2242 coloribus
1092 2172 1315 2268 expurgant,
1356 2192 1401 2241 ac
1419 2190 1468 2238 ne
1488 2186 1568 2241 tan·
1588 2224 1592 2233 .

584 2266 707 2342 tilhuu
724 2268 876 2369 quirlern
891 2270 1045 2369 purloriu
1062 2274 1244 2341 rationem
1262 2266 1443 2358 habeant,
1479 2272 1569 2367 qua'·

585 2367 662 2443 lern
687 2395 733 2439 ex
748 2368 932 2442 veteribus
948 2397 1062 2442 rrnnn
1079 2392 1222 2443 tuntum
1238 2374 1432 2442 nominare
1445 2367 1569 2455 liceat,

584 2470 826 2565 Stratonern5
870 2478 1121 2555 recentiorum
1142 2475 1282 2544 vtinam
1306 2473 1460 2542 norninu
1488 2467 1570 2567 l'up-
1635 2490 1640 2497 ’

614 2574 747 2643 rimere
783 2568 950 2669 polleni,
1005 2601 1100 2671 quus
1136 2571 1256 2644 Gallia
1286 2582 1324 2643 et
1356 2572 1567 2657 Germania,

583 2595 786 2768 longorum
805 2670 934 2762 iuliur,
963 2671 1097 2761 eruilir,
1125 2697 1364 2771 quorumque
1379 2695 1567 2745 venenum

583 2797 663 2845 non
684 2768 845 2843 sorbillat
867 2776 1065 2859 imminuo,
1107 2771 1167 2842 seul
1181 2774 1291 2845 auide
1303 2774 1436 2844 haurit.
1506 2772 1567 2843 Sic

583 2872 796 2947 Blurnuueri
837 2878 1019 2961 carmina,
1068 2898 1165 2970 quue
1206 2881 1249 2944 in
1291 2873 1566 2949 Sturrzaclrum,

591 2974 637 3043 V
631 2991 792 3049 eretum,
835 2972 968 3043 Solem
980 3023 996 3051 ,
1038 2973 1189 3045 Sellam
1202 2976 1500 3067 similit-ricem
1517 2968 1569 3045 ef-

583 3071 730 3162 furiuir,
761 3068 824 3145 etsi
847 3098 926 3144 non
947 3084 1128 3162 noceant,
1157 3073 1266 3146 tulenr
1281 3096 1406 3147 tumen
1421 3093 1571 3174 partum

585 3174 772 3264 existimo,
812 3198 889 3273 quo
908 3172 1115 3246 fecundum
1132 3179 1198 3245 viri
1218 3174 1449 3249 celeberrimi
1466 3180 1568 3272 inge-

583 3280 690 3348 nium
715 3272 808 3345 nihil
838 3278 927 3347 eniti
955 3272 1129 3373 potuill'et
1158 3274 1356 3351 infelicius·
1412 3284 1569 3373 ‚Quum-

585 3400 701 3475 quam
718 3381 840 3465 enirn,
891 3374 983 3447 dum
999 3376 1157 3475 legimus
1175 3401 1242 3467 ea,
1295 3379 1438 3479 luopius
1451 3384 1491 3450 in
1510 3402 1569 3449 ca·

1466 3476 1569 3552 chin·

627 3708 660 3795 *l
678 3703 807 3772 Natura
834 3708 981 3773 hominis
1006 3705 1140 3777 subacto
1162 3711 1292 3799 pulchri
1316 3710 1410 3779 sensu
1428 3712 1566 3799 ingenio

672 3795 720 3857 ita
736 3791 820 3869 lert,
859 3812 893 3860 vt
909 3797 1011 3859 breue
1028 3796 1090 3861 ell'e
1105 3797 1171 3861 tale
1187 3822 1320 3863 cannen
1336 3801 1465 3885 cupiat,
1503 3817 1569 3859 nec

673 3876 780 3943 multa
806 3900 873 3945 vno
901 3897 1023 3945 iuuere
1052 3882 1161 3969 lugere
1189 3885 1286 3969 velit3
1328 3883 1566 3956 Anacreontis,

671 3962 847 4139 isffihm,
871 3967 1008 4032 Gleinrii
1022 3968 1156 4047 odaria,
1181 3971 1355 4034 Theocriti
1372 3983 1404 4031 et
1426 3965 1568 4032 Gelneri

760 4073 790 4115 ra
803 4051 838 4115 id
856 4054 909 4117 hic
924 4051 1036 4118 censet
1054 4056 1116 4119 elle
1129 4059 1243 4121 animo
1258 4104 1267 4133 ,
1297 4052 1391 4143 quod
1405 4050 1567 4116 dulciaria

674 4141 825 4228 corpori.
870 4140 956 4203 Mihi
967 4139 1104 4229 quidem
1119 4165 1192 4205 non
1212 4141 1297 4207 adeo
1311 4158 1466 4227 magnam
1479 4137 1521 4201 de
1533 4134 1568 4201 le

674 4226 831 4290 inliceret
848 4228 1024 4316 quisquam
1037 4250 1059 4291 ο
1086 4229 1237 4292 inioneru
1254 4275 1264 4305 ,
1306 4224 1411 4315 quise
1425 4245 1494 4293 vno
1511 4222 1569 4289 die

671 4308 921 4380 Anacreontem
932 4310 1026 4403 perle
1052 4315 1057 4327 '
1086 4312 1314 4381 eaffirmaret.
