3909 5792
640 824 706 910 ”36
1047 832 1247 877 a

657 1034 695 1111 b.
711 1057 744 1109 e.
771 1026 853 1134 post
867 1052 927 1101 an.
946 1026 1032 1126 689.
1052 1053 1075 1100 a
1086 1027 1294 1129 peregrinis
1309 1016 1539 1101 comissam
1557 1018 1650 1121 esse,

657 1142 794 1212 Cicero
811 1137 852 1205 in
868 1149 960 1204 orat.
980 1155 1013 1203 c.
1041 1130 1076 1204 5.
1095 1127 1282 1203 iudicibus
1308 1147 1347 1201 et
1365 1129 1532 1227 praetori
1554 1151 1652 1228 ape·

655 1243 715 1313 rit.
767 1239 879 1309 Nunc
909 1229 1021 1305 facile
1048 1229 1099 1303 est
1125 1229 1351 1328 intelligere,
1391 1254 1530 1328 quum,
1560 1254 1653 1329 quo

655 1344 740 1414 iure
762 1360 809 1408 ac
828 1330 947 1406 modo
970 1330 1150 1422 Archias,
1189 1329 1395 1405 Heracleae
1420 1325 1653 1429 adscriptus,

656 1428 803 1517 Romae
821 1438 914 1511 ciuis
933 1430 1055 1507 sactus
1072 1430 1114 1505 stt
1125 1487 1136 1523 ,
1162 1452 1262 1522 trun,
1286 1457 1354 1505 cur
1376 1454 1457 1503 non
1473 1455 1564 1504 cum
1585 1458 1655 1507 re-

656 1540 769 1642 liquis
791 1530 1118 1623 Heracleensrbus,
1146 1533 1208 1607 sed
1229 1537 1399 1635 quinque
1416 1536 1525 1605 annis
1551 1553 1654 1610 ante

657 1640 778 1717 sactus
800 1634 853 1708 stt.
928 1638 1075 1708 Rornae
1103 1638 1195 1709 ciuis
1218 1652 1367 1735 poterat
1388 1630 1495 1725 fieri,
1551 1638 1653 1736 quia

657 1743 751 1817 duas
780 1735 1018 1812 conditiones
1042 1735 1133 1835 legis
1168 1742 1243 1810 iam
1277 1733 1463 1836 expleret:
1496 1741 1653 1813 etenim

655 1841 875 1919 foederatae
903 1840 1045 1910 ciuitati
1069 1834 1272 1938 adscriptus
1295 1855 1392 1928 erat,
1418 1836 1652 1932 Heracleae,

618 1928 626 1951 ¹
656 1963 697 2018 et
708 1938 800 2015 inde
820 1936 868 2010 ab
895 1963 998 2010 anno
1023 1938 1108 2011 652.
1146 1943 1290 2012 Romae
1313 1936 1549 2011 domicilium
1576 1938 1654 2014 ha·

655 2043 808 2131 tuerat,
835 2044 985 2129 tertiae,
1010 2064 1087 2141 qua
1109 2043 1187 2113 LX.
1209 2040 1341 2114 diebus
1365 2038 1469 2141 apud
1486 2061 1652 2140 praeto-

654 2168 738 2221 rem
761 2134 962 2216 iubebatur
1004 2140 1163 2233 rofiteri,
1217 2146 1306 2243 quia
1338 2159 1534 2241 praetore,
1588 2144 1649 2242 Q.

653 2242 812 2323 ¹Metello
838 2245 932 2331 Pio,
960 2166 1188 2316 similiarster
1211 2241 1401 2333 rtebatur,
1428 2239 1651 2324 satisfacere

550 2352 555 2367 '
654 2346 767 2424 facile
783 2361 943 2445 poterat.
996 2346 1085 2441 Qua
1098 2369 1159 2419 ‚ex
1182 2371 1223 2418 re
1253 2347 1365 2417 etiam
1395 2341 1489 2416 illud
1522 2344 1649 2447 expli·

653 2446 840 2536 candum,
867 2468 936 2517 cur
958 2469 1058 2535 non,
1083 2465 1124 2517 vt
1147 2446 1300 2549 reliqui,
1325 2450 1366 2518 in
1382 2450 1425 2518 iis
1446 2451 1562 2521 etiam
1573 2472 1650 2549 pe-

652 2551 812 2648 regrini,
850 2544 900 2617 ad
920 2570 981 2616 an.
1011 2548 1098 2643 670.
1133 2571 1179 2620 ex
1208 2552 1358 2637 ectarit,
1398 2546 1477 2638 vel,
1516 2574 1647 2650 quum

653 2666 956 2725 euentus-rerum
966 2651 1130 2723 incertus
1150 2574 1248 2740 edet,
1272 2646 1501 2723 beneficium
1516 2656 1647 2725 omni-

653 2752 900 2825 noreiecerit.
950 2747 1122 2840 Scilicet,
1146 2776 1266 2853 quum
1282 2753 1444 2842 Romae,
1465 2776 1550 2825 non
1563 2756 1648 2829 He-

653 2849 802 2925 melaac
808 2902 821 2941 ,
856 2872 983 2922 rerum
1008 2874 1054 2926 ac
1082 2848 1318 2925 fortunarum
1345 2851 1493 2926 suarum
1508 2852 1645 2931 sedem

606 2998 621 3023 .·
653 2948 806 3042 fitdslct,
842 2947 1057 3025 ahinuidia
1076 2951 1161 3045 illa,
1201 2978 1334 3055 quam,
1373 2951 1401 3025 fi
1427 2952 1645 3032 Heracleae

652 3047 858 3143 habitasset,
884 3055 1080 3127 Romanae
1094 3059 1253 3129 ciuitatis
1266 3059 1452 3156 petitione
1461 3052 1528 3129 fibi
1542 3080 1643 3133 oon·

650 3150 785 3244 flasset,
811 3152 906 3225 nihil
930 3173 1013 3229 erat
1040 3155 1268 3230 timendum:
1307 3177 1363 3248 et,
1396 3157 1504 3259 quod
1525 3175 1641 3259 prae'·

650 3273 732 3344 tor,
767 3252 870 3355 apud
895 3279 1012 3353 quem
1033 3255 1290 3356 profitendum
1311 3278 1414 3346 erat,
1447 3262 1642 3339 amicitiae

648 3353 805 3432 vinculo
827 3356 862 3427 ei
881 3357 1031 3430 iunctus
1064 3378 1161 3450 erat,
1208 3384 1253 3433 ea
1266 3384 1351 3450 res,
1384 3378 1424 3432 vt
1440 3363 1561 3436 maius
1577 3368 1641 3446 ei,

641 3434 768 3559 duran
793 3452 905 3545 eliis,
953 3454 1181 3533 beneficium
1209 3459 1394 3562 spondere
1422 3461 1640 3557 videbatur,

647 3561 701 3633 ita
736 3551 930 3631 consilium
966 3561 1045 3631 eius
1070 3581 1256 3637 maturare
1294 3560 1467 3638 debebat.
1528 3566 1639 3641 Nihil

647 3661 760 3758 igitur
774 3652 901 3747 restat,
928 3684 1044 3761 quam
1061 3682 1100 3735 rt
1112 3663 1316 3756 videamus,
1343 3691 1410 3741 cur
1424 3691 1527 3741 anno
1541 3666 1635 3742 665.

646 3758 779 3833 census
802 3782 884 3832 non
901 3757 954 3835 stt.
1007 3764 1089 3839 Nec
1106 3770 1207 3838 enim
1229 3792 1276 3839 eo
1296 3790 1355 3841 res
1378 3772 1453 3841 iarn
1468 3767 1552 3843 satis
1567 3792 1637 3842 ex·

645 3860 777 3958 pedite
804 3857 873 3953 est,
899 3864 1004 3964 quod
1028 3868 1163 3941 Cicero
1191 3867 1301 3960 dicit,
1331 3866 1474 3943 nullam
1495 3896 1545 3944 eo
1565 3896 1636 3945 an·

644 3981 717 4048 no,
745 3959 841 4033 Iulio
864 3983 902 4036 et
918 3965 1043 4042 Crasso
1065 3967 1298 4059 censoribus,
1325 3970 1460 4071 populi
1479 3991 1635 4072 partem

645 4054 719 4132 esse
748 4059 916 4153 censam3
949 4087 1016 4140 aut
1041 4069 1146 4169 quod
1180 4070 1334 4144 aliunde
1366 4071 1526 4164 constat,
1560 4096 1634 4149 eos

645 4156 839 4251 censores,
865 4185 954 4237 ante
983 4166 1190 4267 legitimum
1210 4191 1358 4274 tempus
1387 4186 1499 4257 (narn
1521 4200 1634 4250 anno

644 4261 743 4345 662„
759 4263 829 4335 Cn.
849 4266 1040 4341 Domitius
1054 4271 1328 4348 Ahenobarbus
1349 4295 1388 4348 et
1401 4278 1442 4348 L.
1460 4278 1633 4352 Licinius

645 4360 788 4438 Crassus
805 4360 957 4439 lustrum
975 4372 1106 4446 val.
1133 4376 1386 4450 condiderunt
1400 4381 1438 4471 ,)
1478 4398 1647 4455 creatos·

641 4461 857 4562 effe-non,
882 4485 923 4543 rt
948 4471 1138 4573 populum
1168 4476 1381 4574 censerent,
1407 4480 1447 4555 e't
1468 4478 1631 4662 insuram

1185 4614 1188 4621 ·
1481 4604 1560 4656 con
1591 4608 1633 4660 e·
