3909 5792
1756 1058 2193 1095 ⁸¹¹——
2850 1056 2944 1137 δι

987 1266 1264 1373 quibus
1333 1267 1526 1338 vires
1589 1281 1850 1334 earum
1903 1258 2469 1335 debilitarentur
2490 1316 2509 1353 ‚
2604 1268 2801 1338 viam
2850 1260 2952 1339 ad

985 1370 1376 1445 victoriam
1407 1361 1852 1463 panderent.
1956 1365 2075 1435 Ne
2108 1382 2359 1434 tamen
2385 1368 2602 1441 nimis
2640 1368 2791 1440 late
2827 1390 2949 1439 ex-

985 1487 1191 1545 tenta
1248 1465 1432 1565 legis
1485 1460 1846 1564 potestate
1892 1462 2281 1562 quibusuis
2320 1461 2662 1539 viliffimis
2708 1466 2955 1539 homi·
3022 1533 3048 1560 „

985 1568 1208 1646 nibus
1262 1567 1549 1640 aditum
1604 1563 1703 1637 ad
1768 1568 2085 1638 ciuitatis
2146 1560 2599 1638 beneficium
2670 1566 2951 1665 patefa-

993 1686 1287 1757 cerent3
1335 1686 1412 1741 et
1455 1685 1571 1758 vt,
1601 1663 1837 1766 „quod
1868 1690 1961 1737 ex
2007 1689 2089 1739 re
2146 1683 2303 1738 erat
2332 1719 2350 1755 ,
2414 1688 2509 1738 eo
2546 1673 2810 1740 maiori
2845 1666 2953 1741 so-

993 1777 1153 1845 cios
1194 1768 1378 1842 doni
1403 1766 1823 1869 eupiditate
1857 1765 2393 1856 incenderent,
2447 1790 2694 1838 rarum
2731 1765 2812 1839 id
2844 1766 2949 1841 fa-

995 1875 1322 1946 cientes:
1405 1868 1775 1969 sexaginta
1831 1868 2121 1942 dierum
2173 1864 2406 1969 spatio
2473 1866 2951 1942 durationem

991 1977 1151 2046 eius
1188 1970 1712 2060 definiuerunt,
1765 1994 1934 2060 nec,
1988 1964 2121 2042 nifl
2154 1973 2242 2042 iis
2265 2024 2284 2061 ‚
2340 1972 2473 2070 qui
2502 1988 2683 2060 tum,
2710 1970 2949 2070 quum

988 2073 1115 2148 lex
1162 2072 1576 2167 ferebatur,
1647 2071 2115 2147 domicilium
2168 2077 2249 2145 in
2301 2070 2511 2144 Italia
2558 2068 2947 2161 haberent,

991 2179 1343 2276 cuiquam
1396 2171 1931 2250 concefferunt.
2037 2177 2214 2270 Qua
2242 2176 2467 2275 igitur
2509 2170 2679 2274 lege
2710 2199 2950 2275 quum

891 2298 901 2313 ·
987 2276 1208 2350 multi
1252 2302 1346 2350 ex
1383 2276 1787 2351 foederatis
1855 2272 2276 2351 ciuitatibus
2297 2330 2315 2367 ,
2364 2278 2740 2377 peregrini
2785 2302 2950 2352 non

987 2383 1278 2469 minus,
1357 2383 1490 2479 qui
1526 2375 1874 2475 adscripti
1907 2394 2160 2468 erant,
2296 2402 2470 2449 uam
2520 2377 2947 2476 indigenae,

988 2479 1090 2552 ad
1121 2482 1540 2552 Romanam
1581 2480 1963 2551 ciuitatem
2008 2495 2239 2579 peten
2292 2484 2416 2548 'am
2448 2472 2948 2572 allicerentur,

989 2600 1069 2654 et
1116 2585 1855 2667 contentione.orta,
1925 2581 2251 2677 partium
2296 2574 2532 2655 studia
2571 2579 2949 2654 increbre-

990 2682 1316 2757 scerent:
1425 2678 1601 2753 aulo
1634 2677 1798 2780 post
1841 2676 2328 2753 consecutum
2368 2676 2684 2771 videtur,
2740 2699 2816 2754 vt
2848 2685 2949 2757 ci-

983 2789 1254 2857 vitates
1299 2707 1499 2880 ipsae
1542 2777 1761 2853 fundi
1794 2777 2030 2851 Iuliae
2073 2778 2223 2878 legi
2256 2776 2561 2873 fierent,
2634 2800 2712 2855 et
2740 2779 2946 2857 miss'a

985 2881 1184 2957 facta
1213 2878 1541 2953 foederis
1571 2878 1950 2970 libertate,
2005 2883 2591 2981 municipiorum
2641 2892 2805 2959 iure
2852 2910 2947 2959 ae

984 2978 1224 3056 tutela
1263 2979 1410 3053 frui
1465 2978 1793 3053 mallent.
1894 2983 1985 3052 In
2140 2978 2303 3056 ‘bus
2366 3000 2443 3057 et
2494 2983 2945 3061 Heracleam

984 3080 1237 3173 fuiffe,
1287 3084 1504 3154 variis
1552 3105 1646 3155 ex
1693 3077 1922 3156 caulis
1967 3006 2269 3182 ctffi’ilgo.
2369 3080 2518 3158 Edi
2566 3090 2768 3158 enirn
2796 3087 2945 3160 He—

981 3180 1440 3274 racleenses,
1497 3207 1734 3284 quum
1763 3182 2142 3275 viderent,
2198 3181 2311 3276 se,
2360 3183 2570 3285 quod
2612 3185 2947 3265 foederis

981 3287 1219 3364 fidem
1271 3284 1701 3374 serunss'ent,
1782 3304 1896 3375 et,
1955 3282 2164 3359 miss'o
2232 3288 2590 3361 Romanis
2634 3288 2941 3382 auxilio,

979 3393 1233 3464 vexari
1301 3385 1371 3459 se
1430 3385 1586 3459 satis
1639 3386 1922 3460 duriter
1949 3384 2047 3459 ab
2092 3384 2419 3463 hostibus
2456 3386 2634 3490 pani
2684 3387 2940 3485 effent,

961 3488 1153 3591 ,lege
1197 3486 1326 3562 illa
1354 3480 1653 3589 praeter
1698 3514 1981 3563 nomen
2028 3492 2310 3565 ciuium
2352 3492 2477 3563 vix
2522 3490 2709 3592 quid
2766 3518 2941 3568 uam

975 3590 1290 3681 lucrari,
1345 3616 1581 3707 quum
1598 3644 1621 3683 ,
1695 3595 1829 3692 qui
1885 3590 2146 3668 donati
2192 3615 2240 3666 a
2284 3593 2642 3668 Romanis
2685 3519 2940 3683 εῗῐθιιτ,

979 3690 1318 3794 suffragia
1357 3692 1653 3766 terendi
1696 3688 2043 3767 libertate
2086 3692 2701 3785 excluderentur,
2754 3713 2832 3768 et
2852 3696 2941 3770 ln

981 3794 1181 3871 VIII.
1216 3819 1458 3868 nouas
1493 3792 1725 3868 tribus
1746 3850 1765 3885 ,
1821 3793 2193 3870 veteribus
2223 3797 2541 3869 XXXV.
2580 3796 2940 3894 dignitate

980 3894 1223 3970 multo
1254 3894 1642 3971 inferiores
1664 3950 1682 3986 ,
1739 3902 2312 3986 conficerentur,
2357 3894 2757 3971 consultius
2789 3902 2938 3998 pri-

979 4001 1122 4071 mis
1155 4001 1366 4071 annis
1411 3998 1803 4072 videantur
1827 3994 2153 4101 putaffe,
2204 3995 2479 4070 honori
2508 3996 2652 4088 isti,
2706 4024 2937 4098 quem

977 4093 1104 4171 lex
1153 4103 1658 4199 promitteret,
1709 4099 2040 4176 foederis
2084 4098 2500 4171 libertatem
2531 4105 2938 4200 praeferre,

980 4216 1057 4270 et
1101 4200 1492 4300 repudiata
1538 4200 1935 4302 dignitate,
1994 4224 2190 4301 quae
2236 4203 2547 4273 nomine
2579 4199 2651 4274 se
2677 4210 2936 4306 magis,

982 4323 1212 4399 quam
1237 4326 1319 4373 re
1350 4305 1953 4390 commendaret,
2007 4304 2226 4373 nouis
2275 4297 2348 4370 se
2388 4301 2741 4379 oneribus
2778 4307 2939 4383 sub·

976 4398 1310 4474 trahere:
1398 4421 1648 4474 tamen
1731 4406 1977 4474 minus
2042 4395 2425 4475 verisimile
2481 4401 2623 4497 est,
2713 4415 2937 4482 etiam

979 4514 1138 4569 tum
1165 4500 1366 4574 illam
1397 4500 1653 4576 stetiss‘e
1676 4505 1764 4573 iis
1798 4496 2228 4574 sententiam
2248 4555 2269 4590 ,
2316 4528 2549 4603 quum
2570 4560 2591 4597 ,
2638 4511 2720 4579 L.
2752 4514 2935 4582 Cor-

975 4596 1184 4670 nelio
1250 4604 1496 4676 Cinna
1562 4606 1620 4676 1.
1700 4590 2003 4676 consule
2081 4610 2205 4691 (a.
2268 4602 2494 4701 667.)
2543 4608 2927 4694 moliente,

971 4695 1138 4799 spes
1181 4720 1338 4776 erat
1363 4758 1388 4797 ,
1438 4708 1660 4782 nouis
1695 4698 2034 4776 tribubus
2056 4699 2476 4793 -diss'olutiz,
2524 4709 2607 4779 in
2640 4723 2927 4777 veteres

2759 4827 2935 4902 {³³¹²
