3909 5792
891 1299 1158 1375 Versus
1238 1316 1544 1399 quartus
1621 1324 1830 1390 nunc
1891 1298 2205 1409 datura
2257 1319 2340 1372 vt
2393 1270 2681 1399 legitur-³

693 1431 731 1493 ρ
742 1402 899 1502 pud
935 1401 1445 1497 Athenaeum3
1502 1398 1552 1471 fi
1588 1425 1824 1516 vsque
1854 1402 1946 1473 ad
1977 1429 2225 1506 πυςνων
2257 1405 2677 1503 interroga-

692 1510 803 1576 tio
841 1509 1366 1593 continuatur,
1447 1526 1608 1574 non
1649 1500 1788 1592 elt,
1859 1504 2075 1602 quod
2114 1507 2275 1574 iota
2304 1523 2653 1576 mutetur.

693 1608 806 1675 Ita
864 1601 1453 1701 Dalechampius
1516 1608 1763 1701 cepit,
1850 1624 1925 1677 et
1968 1607 2657 1677 Hermannus.1n

692 1704 902 1777 versu
933 1704 1248 1805 septimo
1280 1702 1619 1778 defendit
1646 1709 2251 1781 Hermannusnv
2262 1692 2407 1795 ᾤ’ν,
2447 1706 2663 1805 quod.

693 1805 923 1880 habet
975 1802 1402 1879 Athenaeus
1430 1860 1449 1897 ,
1534 1822 1610 1877 et
1664 1826 2041 1906 prouocat
2086 1806 2185 1895 ad
2308 1759 2657 1895 orouista-

692 1932 860 1979 rum
893 1918 1240 1999 carmen,
1292 1902 1419 1977 vbi
1455 1904 1663 1979 versu
1687 1932 1756 1978 2.
1785 1905 2091 2030 legitur·
2163 1938 2201 1994 n
2242 1904 2488 2003 λάχος
2522 1933 2653 1980 ‘nuo-

691 2012 829 2111 ςῷν.
936 2010 1033 2080 At
1067 2006 1171 2079 ibi
1188 2007 1598 2132 praecedit
1640 2014 1858 2110 χεῖρα
1886 2001 2204 2111 ‘neddere
2235 2005 2518 2123 κριθῶν,
2574 2027 2653 2083 et
2686 2004 2699 2013 ’

687 2112 1017 2225 sequitur
1054 2140 1092 2191 n
1140 2103 1374 2211 ἄρτον
1475 2106 2064 2196 Chelidonistae,
2135 2105 2671 2197 delicatiorem

689 2210 960 2328 gulam
993 2206 1457 2298 fimulaht'es,
1538 2202 1818 2281 ficuum
1888 2207 2259 2307 postulant
2323 2196 2643 2298 massam,

685 2316 968 2401 vinum,
1022 2309 1316 2399 caseos;
1369 2308 1565 2382 male
1601 2337 1772 2383 cum
1807 2310 1963 2400 his,
2011 2331 2089 2385 vt
2115 2308 2297 2381 mihi
2328 2308 2643 2399 videtur,

682 2439 919 2531 ‘nugor‘
907 2410 994 2483 ·.h
1044 2437 1107 2483 e.
1155 2416 1478 2486 triticum
1525 2411 1870 2482 nondum
1923 2410 2315 2515 contusum
2368 2415 2645 2499 coiret;

684 2504 969 2614 optim'e
996 2532 1248 2613 autem
1281 2516 1548 2615 panis
1533 2516 1888 2616 triticeus

871 2810 1184 2889 Versum
1213 2820 1567 2889 octauum
1616 2839 1776 2917 uon
1811 2812 2101 2886 addidit
2139 2816 2637 2909 Hermannus,

680 2931 755 2984 vt
781 2936 928 2987 nec
947 2912 1280 3021 reliqua,
1367 2939 1563 3015 quae
1595 2902 1766 2987 eum
1793 2902 2236 3013 sequuntun
2318 2913 2441 2987 sed
2480 2913 2641 2989 scri-

674 3011 842 3097 bit,
1015 3039 1154 3087 uae
1235 3012 1771 3115 sequerentur,
1872 3020 1914 3086 i·
1901 3014 2128 3087 mihis
2210 3015 2709 3091 decurrere..
2756 3072 2777 3093 .

671 3114 896 3186 Haud
1006 3112 1177 3188 ubie
1219 3140 1382 3188 non
1423 3121 1766 3217 proxime
1815 3115 2195 3217 sequentia
2244 3114 2633 3207 intellexit,

671 3212 796 3287 sed
825 3212 1280 3391 1ιοίὶιειιιεὶῑπι
1358 3237 1588 3289 artem
1610 3273 1632 3308 ,
1731 3243 1928 3319 quae
1954 3222 2190 3289 minas
2222 3243 2636 3316 puerorum

674 3320 1034 3388 continet.
1283 3343 1436 3391 rus
1491 3339 1804 3393 octauus
1856 3323 2076 3419 igitur
2118 3318 2458 3391 sotadeus
2510 3316 2671 3409 est,

666 3416 787 3488 vel
859 3434 1286 3493 tetrameter
1338 3414 2095 3513 brachycatalecticus
2139 3475 2156 3508 ,
2256 3425 2334 3493 in
2389 3422 2673 3519 prima'

668 3516 840 3589 sede
878 3516 976 3589 est
1011 3517 1388 3609 bacchius,
1444 3520 1620 3595 loco
1653 3526 1967 3621 paeonis
2005 3522 2074 3593 se
2054 3522 2330 3609 cundi,
2375 3520 2500 3592 vbi
2527 3537 2630 3592 ta-

665 3642 845 3690 men
887 3625 1128 3740 plima
1164 3618 1433 3713 syllaba
1477 3614 1721 3697 breuis
1760 3628 1989 3695 ictum
2032 3620 2282 3695 habet.
2440 3624 2629 3693 Arti-

667 3717 879 3793 culus
911 3717 999 3809 οἱ,
1094 3747 1320 3822 quem
1361 3718 1594 3795 seruat
1627 3722 2081 3811 Eustathius,
2135 3749 2293 3796 non
2332 3706 2673 3823 placet3

664 3847 843 3893 nam
867 3874 886 3909 ‚
955 3819 1136 3896 ficut
1163 3820 1307 3894 ab
1286 3826 1501 3913 mitio
1532 3822 1631 3898 est
1663 3816 1844 3910 nafis
1870 3815 2167 3920 χελιὸων
2190 3876 2209 3913 ,
2284 3821 2435 3895 fine
2459 3826 2628 3894 arti·

665 3918 884 4010 cu10‚
938 3922 1138 3994 itah.
1166 3921 1215 3993 l.
1246 3920 1295 3995 fi
1325 3928 1734 4017 omittitur,
1787 3947 2111 4014 rectum,
2174 3944 2281 4013 et,
2351 3921 2401 3994 fi
2439 3904 2675 4046 quid

658 4020 893 4096 sentio
923 4078 941 4111 ‚
1030 4027 1251 4121 etiam
1286 4008 1574 4099 suauius
1618 4024 1736 4099 est.
1858 4027 1938 4100 Si
1983 4025 2284 4113 additur
2322 4022 2509 4097 illud
2548 4022 2625 4112 αἱ,

658 4148 796 4223 pes
846 4121 944 4197 est
992 4126 1328 4225 epitritus
1371 4123 1780 4217 secundus,
1849 4125 1968 4201 vel
2015 4116 2409 4215 trochaeus
2448 4151 2624 4217 cum
2664 4118 2673 4131 ⁸

659 4224 1021 4323 spondeo.
1175 4222 1541 4327 Reliqua
1521 4254 1599 4298 m
1623 4226 1775 4301 hoc
1800 4224 2011 4301 versu
2045 4226 2207 4330 suut
2232 4225 2622 4301 facillima·
2598 4284 2621 4318 ,

657 4324 1025 4399 secundus
1053 4350 1187 4426 pes
1225 4325 1700 4401 choriambus
1738 4326 1836 4401 est
1871 4313 2066 4427 loco
2082 4312 2409 4433 molossh
2481 4349 2622 4402 ter-

657 4429 802 4496 tius
850 4430 1206 4567 epitritus
1234 4423 1624 4501 secundus.
1730 4432 1886 4525 Qui
1933 4430 2007 4503 se
2066 4426 2264 4527 uitur
2311 4426 2623 4503 versicu-

660 4524 775 4596 lus
811 4543 1039 4631 ποῇς
1069 4527 1376 4627 xm'wpes·
1399 4556 1459 4601 κ.
1490 4557 1557 4603 τ.
1594 4543 1665 4602 λ.
1690 4582 1710 4613 ,
1765 4557 1937 4603 eum
1968 4458 2111 4603 ad
2090 4506 2448 4604 iambicos
2476 4548 2619 4601 tra·

657 4624 995 4697 hendum
1037 4629 1216 4703 olim
1265 4650 1748 4729 putaueram;
1787 4613 2056 4707 sensus
2108 4631 2186 4703 id
2228 4631 2618 4703 videbatur

658 4725 1045 4823 I‘Ostulssre·
1187 4731 1425 4828 Quod
1477 4750 1718 4808 metro
1764 4731 2059 4823 deerat,
2151 4730 2234 4803 id
2274 4726 2620 4901 [upplfioe

2542 4854 2623 4901 u..
